3092 4756
223 325 226 332 .
337 287 380 342 De
397 255 564 342 Bacchidem
581 287 724 344 Plautinae
741 291 933 348 retractatione
950 293 1082 349 scaenica.
1222 290 1282 353 137

432 492 676 558 Bacchidnm
698 494 905 578 specimen
926 497 984 563 XI.

618 616 664 661 Act.
677 615 704 658 lV
721 630 753 661 so.
768 611 803 661 9¹¹.

221 729 241 808 ξ
264 729 314 792 39.
357 728 426 792 Iam
447 735 599 810 sequatur
620 728 694 796 huie
716 737 853 814 cognata
875 751 913 796 ea
935 751 1061 816 scaena,
1084 733 1118 798 in
1141 752 1204 816 qua
1226 733 1284 800 ite·

131 846 205 894 rum
227 827 368 893 exsultat
390 827 442 904 δὶς
465 825 699 907 ἐξαπατῶντας
729 830 848 897 callida
868 831 1013 916 perfidia.
1057 833 1147 912 Quae
1176 842 1285 900 tamen

131 929 180 994 ita
203 929 244 994 ab
266 927 353 993 illins
376 927 483 995 indole
502 928 609 1011 distat,
632 936 667 997 ut
689 932 861 998 etiamnum
882 933 1038 1001 latissime
1059 940 1191 1020 pateant
1211 955 1284 1020 pas·

133 1031 196 1097 sim
219 1028 358 1096 uicariae
379 1031 574 1098 recensionis
596 1032 759 1114 reliquiae.

221 1132 270 1196 Ae
297 1130 433 1214 primum
455 1131 591 1212 quidem
614 1135 669 1215 qui
697 1139 823 1201 exstant
849 1142 921 1220 post
949 1139 1011 1201 988
1035 1156 1160 1220 uersus,
1189 1143 1224 1203 ut
1252 1136 1286 1202 in

133 1231 227 1297 libris
250 1232 413 1317 leguntur,
443 1233 568 1300 etiamsi
597 1234 729 1301 recedas
751 1255 772 1300 a
794 1238 886 1303 metri
915 1245 1063 1323 corrupta
1091 1239 1214 1323 specie,
1243 1239 1284 1304 ob

133 1333 365 1400 sententiarum
393 1334 601 1418 grauissimas
627 1337 735 1402 turbas
765 1339 853 1404 nullo
884 1337 978 1406 modo
1008 1341 1162 1421 concoqui
1190 1359 1285 1425 posse

134 1433 303 1502 uerissima
327 1422 421 1501 sensu
449 1435 571 1520 pridem
594 1437 855 1503 Ritsohelius'
875 1439 1047 1524 perspexit.
1093 1440 1195 1518 Quam
1219 1461 1286 1507 rem

134 1536 208 1602 luce
226 1535 394 1614 clariorem
407 1556 471 1603 non
493 1535 594 1604 defuit
616 1542 724 1603 tamen
746 1539 800 1621 qni
822 1541 1078 1606 membranarum
1100 1560 1208 1606 rursus
1230 1562 1285 1625 pa·

134 1637 311 1705 trocinatns
327 1637 508 1704 auctoritati
529 1639 562 1704 in
584 1638 715 1704 dubium
738 1647 876 1724 uocaret,
899 1641 960 1707 hae
982 1640 1111 1723 quidem
1133 1661 1208 1708 usus
1231 1661 1285 1708 ex·

134 1738 324 1824 plicatione,
354 1740 445 1822 quasi
474 1740 537 1805 bis
566 1739 612 1804 de
641 1741 801 1824 integro
831 1761 941 1809 seruus
970 1741 1169 1810 aNioobulo
1198 1762 1285 1809 sece-

136 1841 215 1908 dere
237 1848 403 1907 conaretur
414 1842 447 1926 ¹).
493 1841 585 1919 Quod
610 1840 638 1908 si
660 1840 840 1926 significare
868 1843 1024 1911 noluisset
1045 1845 1192 1926 Plautus,
1224 1863 1288 1925 qua

136 1948 205 2009 erat
227 1942 420 2010 inexhausta
441 1944 506 2006 iere
528 1942 684 2010 sermonis
700 1945 854 2027 ubertate,
878 1945 1054 2012 certissime
1076 1966 1140 2012 non
1162 1942 1212 2011 bis
1233 1944 1286 2012 iis·

136 2043 211 2110 dem
229 2063 306 2109 usus
322 2047 407 2111 esset
428 2044 655 2110 sententiarum
678 2044 968 2112 confirmationibus
990 2046 1182 2127 loquendiue
1204 2045 1286 2112 adeo
1316 2029 1325 2042 ⁸

136 2147 307 2215 cumulatis
321 2143 491 2211 simillimis
512 2144 630 2225 liguris.
668 2145 717 2210 Ex
740 2146 856 2229 quibus
878 2146 1003 2212 indiciis
1025 2147 1205 2229 ubieunque
1228 2167 1288 2213 usu

136 2249 270 2315 ueniunt
291 2245 367 2327 (nisi
382 2246 462 2314 forte
476 2246 645 2331 singularis
668 2245 827 2332 quaedam
849 2247 965 2313 facetia
987 2245 1071 2313 inest
1091 2247 1126 2312 in
1146 2247 1217 2328 ipsa
1239 2249 1287 2311 re'·

136 2347 304 2436 petitione)
332 2347 420 2414 iacili
444 2368 502 2414 nec
531 2349 640 2415 fallaci
669 2349 850 2416 coniectura
880 2347 1001 2414 efficias
1029 2352 1084 2413 aut
1111 2347 1289 2432 impudenti

34 2507 42 2522 „
136 2449 383 2536 interpolatione
394 2451 498 2516 locum
509 2449 720 2517 deformatum
732 2449 814 2516 tradi
830 2455 885 2518 aut
899 2451 933 2516 in
947 2451 1162 2517 retractatoris
1177 2448 1290 2516 fraude

136 2574 193 2621 nos
216 2551 347 2620 uersari.
1192 2544 1198 2551 ⁸

223 2657 262 2720 In
284 2653 366 2719 hunc
385 2658 492 2719 autem
514 2652 620 2719 locum
643 2653 719 2733 quin
741 2653 898 2736 posterius
921 2652 1001 2719 illud
1022 2652 1119 2738 cadat
1139 2652 1205 2717 iam
1226 2672 1289 2718 non

138 2756 318 2837 dubitabis,
347 2754 374 2822 si
396 2754 632 2839 compararetis
658 2754 740 2820 inter
767 2772 802 2821 se
826 2753 984 2820 Veteris
1007 2755 1234 2836 exemplum
1256 2754 1289 2818 in

139 2857 358 2925 Ritscheliana
374 2854 513 2922 editione
529 2855 710 2940 expositum
721 2853 747 2939 ²)
769 2862 801 2921 et
817 2875 911 2939 quam
926 2855 996 2938 ipse
1011 2853 1159 2937 probauit
1176 2853 1289 2920 horum

138 2979 289 3029 uersuum
311 2956 544 3025 recensionem:
573 2956 627 3039 qui
652 2956 943 3041 glossematum
973 2957 1097 3022 turbam
1128 2955 1290 3040 expellere

139 3063 201 3129 sibi
224 3060 312 3127 uisus
333 3060 380 3124 ita
402 3056 592 3142 contempsit
613 3057 767 3125 librorum
790 3057 1027 3141 auctoritatem,
1051 3064 1087 3123 nt
1108 3056 1177 3142 ipse
1198 3055 1289 3122 refin-

138 3164 227 3230 xisse
248 3162 353 3247 potins
368 3166 469 3226 totum
483 3159 589 3225 locum
612 3177 707 3241 qnam
723 3158 945 3226 emendatione
965 3159 1158 3243 expoliuisse
1180 3157 1290 3224 uidea-

140 3271 198 3331 tur.
234 3263 366 3344 Tamen,
390 3261 516 3343 qualem
537 3259 594 3328 ille
617 3265 648 3326 et
670 3260 724 3344 qui
747 3279 820 3326 eum
842 3265 969 3326 secutus
991 3266 1040 3326 est
1062 3259 1291 3326 Fleckeisenus

140 3365 314 3432 effecerunt
329 3361 484 3430 machinis
499 3361 569 3427 istis
584 3362 739 3427 sermonis
754 3360 999 3444 simplicitatem,
1016 3359 1046 3425 ei
1062 3359 1175 3425 mirum
1191 3378 1290 3442 quan-

141 3474 206 3533 tum
230 3470 372 3550 praestat
393 3462 623 3548 propemodum
645 3463 769 3545 integra
793 3480 901 3528 eorum
924 3461 1098 3546 sinceritas,
1122 3481 1206 3543 quae
1227 3461 1291 3545 ipsi

140 3567 214 3633 libri
237 3563 502 3649 suppeditabant,
532 3563 679 3631 bifariam
702 3563 849 3629 nimirum
877 3561 1054 3643 digerenda
1082 3563 1115 3628 in
1143 3563 1289 3646 geminae

140 3666 333 3736 recensionis
348 3666 520 3751 specimen.
558 3665 683 3749 Nempe
705 3666 833 3730 uersub
856 3665 992 3748 illorum,
1016 3683 1096 3747 quos
1119 3683 1159 3730 ex
1175 3665 1289 3729 Vetere

231 3855 254 3917 l)
272 3849 414 3918 Ussingius
427 3841 550 3918 'probare
566 3847 682 3913 uidetur,
701 3862 771 3918 quae
789 3848 852 3904 olim
864 3846 1064 3902 studemundus
1082 3844 1115 3898 de
1133 3843 1229 3898 cantic.
1248 3843 1288 3898 Pl.

140 3953 167 4005 p.
180 3923 214 3989 il
234 3933 372 4000 disseruit,
390 3934 468 4004 primi
480 3937 570 3988 tamen
581 3947 677 3988 uersus
696 3933 782 3988 altera
799 3936 876 4002 parte
891 3929 1040 3987 Ritschelio
1058 3928 1127 3982 duce
1144 3934 1290 4011 expuncta.

227 4023 253 4086 2)
271 4019 315 4075 Ab
333 4019 385 4074 hoo
406 4018 544 4075 commode
561 4015 749 4086 proficiscetur
766 4018 895 4072 uniuersa
912 4017 1006 4071 nostra
1024 4013 1179 4083 disputatio.
