3080 4748
249 351 290 412 72
650 347 825 403 Gualthuriur
843 347 1015 402 Brachmcnn

249 521 377 606 quando
393 537 434 587 ns
449 519 492 586 ad
508 518 643 587 eandem
659 518 787 603 quidem
803 538 971 604 personam
993 522 1126 598 uterque
1149 518 1237 584 locus
1258 519 1397 605 respicit,

249 624 378 694 omnino
400 621 480 688 nihil
502 620 601 688 habet
623 621 816 690 offensionis.
857 621 940 686 Nam
962 619 1047 701 quod
1071 620 1298 686 sententiarum
1321 642 1397 703 quo·

250 744 312 808 que
335 723 483 808 rationes,
508 744 579 790 cum
602 723 644 790 ab
667 721 861 804 aequalitate
882 722 941 786 illa
962 721 1140 800 recesseris,
1165 720 1199 786 id
1222 721 1399 806 efflagitare

248 831 354 914 putat,
384 834 419 893 ut
441 844 552 893 uorsus
575 828 636 891 784
660 824 806 892 continuo
836 822 1014 907 excipiatur
1041 841 1135 889 uersu
1157 826 1236 902 787,
1265 825 1398 892 uerbum

248 929 394 992 minitare
417 949 488 996 cum
510 926 589 994 nihil
611 925 746 1008 habeat,
775 943 837 1007 quo
860 927 1014 993 referatur
1026 922 1066 1008 1);
1094 926 1196 992 falsu·
1227 931 1282 991 est
1326 927 1400 994 Nisi

248 1029 334 1097 enim
355 1029 483 1097 omnino
506 1028 539 1092 in
560 1047 684 1093 summu
707 1044 803 1110 quam
826 1025 974 1112 Chrysali
996 1027 1095 1093 uerba
1125 1045 1202 1110 prae
1231 1045 1267 1093 se
1295 1031 1402 1094 lerunt

248 1130 457 1215 impudentia,
480 1147 563 1211 quae
579 1127 707 1210 quidem
726 1127 876 1194 distincta
898 1135 946 1194 est
968 1133 1053 1193 tecta
1074 1128 1181 1194 nescio
1205 1147 1269 1210 qua
1290 1131 1401 1214 negle-

248 1230 402 1315 genter),
426 1231 505 1298 mire
529 1251 568 1298 ea
589 1229 632 1296 ad
654 1229 855 1296 formidinem
874 1229 1071 1296 inserendam
1086 1223 1171 1314 apta,
1194 1231 1272 1296 satis
1293 1230 1401 1301 inesse

249 1352 366 1400 causae
382 1350 524 1414 censeas,
548 1351 603 1397 cur
616 1332 757 1398 irritatus
772 1351 844 1396 erus
865 1331 1021 1413 simulque
1040 1350 1159 1414 pauore
1181 1331 1325 1398 adfectus
1348 1334 1401 1400 his

249 1433 357 1501 uerbis
385 1433 419 1499 in
449 1453 575 1500 seruum
603 1432 787 1500 incohatur:
817 1435 910 1496 etium
938 1435 1099 1506 minatore,
1129 1423 1322 1516 carnufici,
1350 1455 1399 1501 re-

252 1535 370 1619 spicias
391 1536 488 1604 uelim
512 1555 594 1619 quae
617 1537 790 1621 Chrysalus
814 1534 939 1601 dixerat
960 1546 1066 1619 specto
1087 1555 1154 1597 rom
1177 1534 1285 1618 modo,
1316 1554 1400 1618 quae

249 1635 311 1703 nisi
326 1635 369 1703 ad
383 1635 553 1705 imminens
573 1637 704 1718 aliquod
727 1637 847 1702 malum
870 1637 1037 1703 referenda
1060 1641 1142 1720 sunt,
1164 1637 1313 1702 nimirum
1336 1657 1399 1719 quo

248 1740 387 1806 iuturum
403 1740 444 1804 sit
459 1744 494 1804 ut
509 1742 621 1822 aperta
635 1735 692 1802 fiat
706 1737 791 1802 serui
812 1735 1003 1820 innocentia,
1025 1738 1185 1819 quomodo
1208 1738 1400 1823 explicanda

248 1838 312 1904 sint
328 1838 476 1922 equidem
491 1837 608 1905 nescio.
644 1838 745 1902 Immo
761 1855 876 1902 uereor
896 1859 937 1904 ne
959 1839 1036 1921 quid
1058 1838 1230 1920 desideres
1253 1840 1281 1906 si
1295 1840 1398 1908 Lade·

248 1938 345 2018 wigio
375 1943 504 2005 auctore
533 1957 659 2006 uersum
689 1940 749 2004 787
779 1937 887 2004 statim
918 1938 1151 2006 continuaueris
1185 1941 1290 2008 uersui
1321 1946 1399 2011 784:

248 2039 365 2105 uocula
386 2059 467 2100 ccco
489 2046 574 2106 certe
596 2059 625 2105 u.
650 2042 709 2106 787
734 2044 799 2106 tum
823 2060 974 2125 expresse
996 2061 1034 2108 ac
1059 2042 1273 2126 significanter
1301 2065 1399 2130 oppo-

248 2139 333 2207 nitur
352 2139 382 2207 ei
405 2141 491 2221 quod
511 2135 684 2227 praecedit
699 2153 835 2206 actatum
857 2144 1026 2226 futuroque
1048 2166 1165 2228 coccos,
1188 2150 1222 2210 ut
1244 2144 1331 2210 haud
1353 2148 1400 2212 ia·

249 2243 310 2310 cile
326 2244 503 2334 sententiae
518 2245 587 2313 sine
610 2245 799 2312 detrimento
822 2266 970 2311 uersuum
993 2246 1074 2310 illud
1095 2267 1154 2330 par
1176 2246 1324 2312 uideatur
1345 2247 1399 2314 de-

248 2343 387 2411 futurum
410 2364 489 2410 esse.

335 2547 354 2626 ξ
381 2549 428 2610 11.
467 2545 545 2609 Post
560 2543 780 2625 Ladewigium
802 2543 834 2609 in
859 2563 977 2626 eorum,
1000 2545 1054 2626 qui
1077 2547 1205 2615 salubre
1227 2549 1260 2615 in
1283 2552 1343 2618 hac
1365 2573 1400 2619 re

249 2646 389 2713 studium
412 2645 656 2711 conlocauerunt
680 2663 811 2712 numero
834 2644 928 2712 Otto
951 2645 1205 2714 Ribbeokius
1236 2653 1400 2721 nominan-

249 2748 308 2814 dus
331 2754 396 2831 est,
419 2745 537 2829 quide
560 2745 671 2812 Militis
692 2744 831 2812 Gloriosi
854 2747 1045 2830 quibusdam
1067 2749 1146 2816 locis
1169 2749 1332 2832 ingeniose
1354 2754 1401 2822 ita

249 2836 506 2936 disputauit,'ut
535 2854 778 2915 retractatorum
807 2869 904 2932 opera
932 2850 1099 2946 pristinam
1128 2858 1243 2936 poetae
1267 2875 1400 2922 manum

249 2952 451 3018 obscuratam
475 2970 546 3017 esse
570 2949 887 3034 demonstraueriti),
916 2951 1036 3034 aliique
1063 2951 1208 3020 homines
1236 2955 1321 3020 docti
1349 2965 1401 3037 sat

249 3049 355 3118 multi:
377 3053 466 3118 uelut
479 3051 512 3114 in
528 3051 722 3126 editionibus
742 3050 808 3117 suis
831 3052 904 3117 Iul.
926 3053 1125 3136 Brixius4)
1149 3054 1289 3138 itemque
1304 3056 1398 3142 Aug.

247 3153 464 3219 Lorentius
473 3201 481 3236 ,
504 3158 600 3233 atque
616 3152 653 3234 is,
678 3152 766 3219 cuius
780 3152 911 3219 minime
925 3152 1103 3237 ignoranda
1118 3163 1167 3223 est
1182 3177 1280 3242 opera
1294 3157 1399 3227 bonae

247 3254 346 3337 frugis
369 3273 440 3320 cum
461 3255 495 3320 in
517 3253 589 3320 aliis
612 3260 678 3319 tum
699 3254 733 3319 in
754 3255 815 3320 hoo
836 3273 953 3337 genere
974 3257 1084 3339 plena:
1109 3256 1145 3325 Ο.
1163 3258 1213 3325 Se
1220 3261 1263 3345 yi
1268 3262 1282 3325 f
1287 3266 1399 3328 crtus

246 3355 280 3421 in
303 3355 425 3419 Studio
440 3355 597 3419 Plautinis
618 3355 759 3422 Berclini
781 3375 809 3422 a.
837 3360 916 3422 1874
941 3357 1035 3422 editis
1058 3357 1101 3442 (p.
1122 3361 1272 3446 10-12):
1295 3381 1399 3445 neque

335 3574 359 3637 1)
377 3569 481 3625 Eadem
503 3586 546 3626 res
569 3573 644 3627 miris
668 3570 813 3646 machinis,
837 3570 885 3626 sed
906 3571 1009 3626 frustra
1033 3575 1165 3641 temptata
1190 3583 1231 3630 est
1252 3591 1269 3630 a
1290 3578 1398 3646 Bothio,

249 3655 443 3722 Lindemanno,
462 3654 627 3711 Fritzschio:
647 3656 709 3710 uide
726 3656 787 3712 adn.
807 3656 867 3710 crit.
897 3685 900 3688 -
1091 3689 1092 3692 =

247 3828 297 3880 840
307 3744 360 3894 a?
378 3739 508 3832 Consplto
522 3741 602 3795 simili
615 3739 694 3796 modo
708 3741 814 3796 occulte
828 3740 948 3811 loquitur
961 3757 987 3795 u.
1002 3744 1050 3794 789
1060 3757 1127 3808 sqq,
1147 3745 1196 3796 814
1207 3760 1273 3815 sqq,
1293 3753 1398 3818 826sq,

335 3913 360 3974 3)
378 3908 547 3965 MuaRhen.
562 3911 582 3963 t.
591 3907 645 3960 Xll
657 3925 684 3978 p.
694 3911 752 3961 tur.
763 3912 907 3979 tas-603,
926 3916 945 3965 t.
956 3908 1048 3964 XXIX
1065 3925 1091 3978 p.
1102 3913 1134 3965 73
1144 3925 1198 3979 sq.;
1218 3911 1252 3966 cf.
1272 3914 1305 3969 de
1323 3915 1397 3971 Trin.
1488 3945 1497 3960 x

247 3973 419 4048 'ntor-1114
437 3992 550 4048 eundem
568 3994 596 4048 m
613 3992 726 4062 apuam.
745 3993 828 4052 luter.
847 3994 951 4050 Ionem.
971 4010 995 4051 a.
1017 3998 1081 4048 rsus
1098 4011 1125 4063 p.
1145 4000 1203 4050 ιιι.

333 4080 359 4143 4)
378 4075 418 4132 Oi.
427 4075 554 4133 'eiusdem
567 4075 778 4132 &mandationes
790 4078 818 4131 tn
833 4078 963 4150 Captiuos
974 4077 1107 4148 Lignitiae
1119 4095 1144 4135 c.
1158 4084 1222 4137 1862
1235 4084 1321 4139 editas
1334 4101 1360 4153 p.
1373 4089 1396 4140 6.
