3092 4756
254 325 313 388 170
653 324 829 382 Gualthnrius
847 325 1019 382 Brachmann

250 499 309 568 sed
331 497 518 566 concitatior
538 495 669 578 quidam
691 496 775 564 inest
796 501 900 564 motus
923 504 956 564 et
976 495 1098 582 dialogi
1112 502 1144 565 ct
1163 498 1306 583 actionis,
1328 519 1409 567 oon·

250 602 359 670 tulerit
379 604 488 686 gestus
510 597 666 680 uocisque.
683 597 855 666 artificiosa
875 599 1026 666 uarietas.
1067 599 1159 679 Quae
1181 600 1285 684 qualis
1307 602 1408 670 fuerit

250 723 309 772 nos
338 701 467 788 quidem
495 699 651 784 suspicari
678 704 801 768 tantum
825 719 994 786 possumus
1007 700 1042 783 ¹).
1085 701 1193 768 Veluti
1222 702 1340 770 frustra
1360 703 1407 770 sit

251 806 307 888 qui
329 803 471 872 offendat
492 803 526 870 in
547 821 697 869 uersuum
718 802 758 868 X.
781 803 867 870 XVI.
888 803 952 868 XX
973 802 1186 887 aequalitate,
1209 823 1305 888 quam
1328 825 1403 872 oon-

251 908 335 974 sulto
357 925 416 972 nec
437 905 507 972 sine
534 908 603 971 arte
624 903 805 970 adfectasse
833 902 959 971 uidetur
987 910 1092 988 poeta.
1137 903 1259 983 Quodsi
1286 905 1405 974 iterum

250 1009 429 1091 iterumque
450 1005 532 1072 illud
553 1007 567 1068 i
586 996 653 1068 hoc
666 1002 783 1067 mecum
804 1006 899 1089 intro,
927 1005 961 1071 in
990 1025 1053 1089 quo
1082 1025 1207 1073 summa
1226 1007 1333 1092 posita
1353 1015 1406 1078 est

252 1111 349 1178 totius
371 1126 522 1190 scaenae,
545 1105 660 1172 iisdem
686 1108 753 1173 fere
774 1106 883 1174 uerbis
911 1107 1031 1172 elatum
1053 1125 1125 1174 cum
1146 1109 1239 1175 suaui
1261 1110 1406 1193 quadam

252 1210 340 1280 nocis
369 1215 544 1294 gestusque
570 1207 747 1275 uariatione
776 1227 817 1274 ex
847 1208 998 1290 cuiusque
1027 1208 1090 1275 loci
1118 1210 1304 1278 condicione
1325 1219 1406 1296 apta

252 1312 455 1396 recitabatur,
477 1311 511 1378 in
524 1310 587 1378 hac
605 1311 677 1396 ipsa
697 1330 732 1377 re
754 1308 807 1376 uel
830 1329 955 1376 summa
976 1309 1093 1377 actoris
1115 1330 1168 1377 ars
1183 1312 1325 1398 conspici
1345 1335 1405 1398 po-

252 1418 343 1480 terat.
389 1411 494 1478 Simili
526 1411 568 1480 de
597 1431 694 1480 causa
721 1411 777 1478 ille
806 1412 913 1496 locus,
943 1430 1038 1493 quem
1066 1412 1162 1480 modo
1186 1415 1405 1501 tractauimus,

252 1534 428 1598 uersosque
450 1514 505 1598 qui
527 1515 687 1596 utrimque
701 1503 839 1598 proximi
854 1519 927 1579 sunt
942 1512 1113 1596 (v-eXII),
1137 1513 1197 1582 etsi
1212 1520 1277 1582 tam
1293 1517 1405 1585 multis

251 1617 359 1684 uerbis
381 1637 444 1684 non
466 1636 546 1702 opus
569 1621 646 1699 erat,
668 1613 818 1682 tardioris
834 1620 941 1682 tamen
962 1615 1118 1682 ubertatis
1133 1616 1210 1683 uitio
1234 1637 1341 1686 carere
1356 1620 1405 1686 ui-

252 1717 380 1784 dentur:
403 1719 660 1784 cumulantur
683 1715 854 1782 enimcum
876 1716 1117 1800 gradatione
1133 1718 1404 1800 quadamutme-

252 1819 400 1886 retricum
418 1839 529 1903 preces
550 1838 589 1908 ac
612 1815 799 1899 blanditiae,
822 1813 873 1883 ita'
889 1817 1060 1899 abnuentis
1081 1819 1167 1886 senis
1186 1820 1291 1887 minae
1313 1822 1405 1888 fasti-

252 1920 400 2001 diosique
422 1920 579 1986 horrores.

337 2019 404 2086 Sed
425 2039 537 2088 uereor
558 2023 593 2086 ut
616 2038 749 2086 omnes
771 2018 980 2105 offensiones,
1010 2041 1093 2106 quae
1119 2021 1202 2089 inter
1230 2021 1426 2107 legendum.

251 2121 464 2207 suboriuntur,
487 2122 528 2188 ab
551 2121 601 2187 his
615 2121 789 2188 rationibus
812 2122 890 2198 satis
912 2127 1021 2208 aptam
1035 2123 1200 2192 inueniant
1215 2124 1405 2209 explicatio·

251 2244 334 2292 nem.
379 2223 476 2292 Uelut
490 2222 659 2291 haeremus
673 2223 706 2290 in
720 2243 750 2288 u.
766 2223 953 2290 XXXVIII:
975 2246 1040 2292 non
1062 2225 1138 2308 quin
1153 2219 1287 2306 cogitari
1300 2227 1407 2310 possit

252 2345 372 2410 senem,
387 2325 444 2394 ubi
459 2325 614 2392 obsistere
629 2323 798 2392 inlecebris
813 2322 944 2391 desierit
958 2325 1125 2409 uictusque
1139 2325 1204 2393 iam
1219 2327 1332 2394 marius
1347 2327 1404 2394 de·

253 2426 343 2507 derit,
367 2427 476 2493 statim
498 2431 605 2491 tamen
632 2424 727 2492 huius
749 2425 795 2491 rei
816 2425 979 2509 paenitere
1008 2433 1105 2510 atque
1133 2426 1237 2496 denuo
1259 2448 1405 2514 pungere

252 2527 396 2593 subnatis
426 2523 692 2592 haesitationibus
715 2526 860 2593 aculeos:
890 2534 925 2594 at
945 2528 1176 2613 ineptissimum
1199 2549 1269 2597 esse
1291 2551 1405 2600 conoe·

251 2628 320 2712 des,
337 2646 432 2709 quam
455 2626 550 2694 modo
573 2624 727 2694 abiecerit
748 2627 818 2712 ipse
840 2649 908 2696 rem
931 2626 976 2713 (u.
991 2630 1154 2716 XXXVI),
1177 2632 1310 2700 totidem
1331 2653 1405 2701 ucr-

252 2729 302 2797 bis
331 2729 467 2799 eandem
496 2749 559 2796 uno
588 2728 745 2798 uersiculo
772 2729 951 2799 intermisso
980 2731 1096 2799 iterum
1122 2753 1284 2802 renouare.
1330 2733 1405 2813 Quo

251 2830 392 2915 accedit,
428 2831 513 2916 quod
543 2831 646 2900 altera
673 2851 800 2916 quoque
829 2833 921 2900 huius
952 2853 1063 2901 uersus
1093 2856 1168 2919 pars
1194 2835 1314 2904 inutilis
1343 2843 1405 2920 est,

253 2971 456 2981 ———

339 3055 363 3114 l)
381 3049 467 3115 Quam
486 3049 593 3117 quidem
609 3064 666 3104 rem
689 3049 718 3102 in
743 3049 856 3104 canticis
879 3050 1063 3119 potImImum,
1090 3068 1159 3122 quae
1182 3053 1292 3108 mumtis
1315 3053 1404 3110 modis

251 3132 487 3201 composuerint,
513 3131 710 3186 obseruandum
727 3149 786 3190 esse
805 3148 821 3188 a
840 3134 953 3191 Goetzio
971 3136 1175 3207 Ribbeckioquc
1192 3137 1309 3193 monitus
1328 3152 1404 3194 sum:

252 3231 322 3290 quae
341 3215 503 3270 credendum
521 3231 581 3272 csse
598 3219 825 3287 comparationem
843 3218 1014 3287 aliquatenus
1032 3223 1154 3291 recipere
1172 3238 1233 3278 cum
1250 3222 1303 3277 illis
1320 3221 1403 3278 fabu-

251 3303 340 3356 larum
357 3299 496 3372 partibus,
521 3317 590 3372 quae
607 3302 636 3356 in
653 3303 753 3358 nostris
775 3301 889 3357 theatris
913 3303 984 3358 inter
1008 3305 1117 3361 crebras
1141 3321 1222 3377 saepe
1245 3306 1405 3364 iterationes

252 3387 357 3442 conari
375 3385 410 3440 ab
428 3387 567 3446 actoribus
586 3388 700 3444 soleant.
734 3388 794 3456 Qua
812 3386 845 3441 de
863 3401 962 3456 causa,
989 3392 1020 3444 ut
1042 3390 1163 3460 exemplo
1187 3390 1299 3459 fungar,
1322 3391 1352 3445 iu
1370 3407 1406 3448 ea

252 3458 360 3534 scaena,
379 3483 448 3536 quas
460 3469 524 3526 huic
536 3473 684 3541 praemisso
695 3476 745 3538 est,
763 3472 869 3528 etiamsi
881 3473 987 3529 subtilis
1002 3474 1170 3544 singulorum
1187 3475 1405 3531 enuntiationum

253 3552 434 3610 consideratio
447 3554 635 3628 rationumque
648 3559 786 3630 reputatio
804 3573 903 3625 earum,
922 3573 992 3626 quae
1008 3560 1182 3616 intercedunt
1197 3561 1269 3616 inter
1285 3560 1357 3616 illins
1375 3567 1405 3616 et

252 3640 323 3695 inter
341 3636 488 3706 superioris
506 3654 622 3697 scaenae
639 3643 749 3710 exitum,
767 3644 882 3700 sundere
899 3648 990 3712 potest
1006 3644 1107 3712 uideri,
1126 3649 1157 3701 nt
1173 3662 1221 3702 uu.
1233 3649 1400 3701 1108-1111

253 3740 381 3780 uersuum
401 3725 567 3778 1112-1115
585 3725 646 3782 loco
664 3741 681 3782 a
698 3734 877 3785 retractatore
895 3728 1026 3786 confictos
1044 3743 1104 3784 esse
1122 3730 1276 3786 credamus:
1294 3735 1404 3800 poetam

179 3853 182 3860 .
253 3815 344 3864 tomen
362 3807 515 3862 subtiliores
534 3807 633 3877 logices
651 3812 771 3867 rationes
788 3813 956 3884 rhythmicae
974 3813 1081 3868 cuidam
1099 3829 1153 3884 qua
1171 3830 1324 3881 sermonum
1343 3815 1405 3870 cola
1476 3863 1480 3870 .

253 3894 483 3962 distInguerentur
500 3895 670 3962 responsioni
690 3911 849 3967 eorumque,
875 3914 944 3967 quae
962 3899 1071 3954 alternis
1089 3898 1196 3956 uicibus
1213 3901 1285 3954 inter
1301 3899 1404 3955 similes

251 3979 345 4047 gestus
358 3977 462 4046 species
475 3977 614 4032 miserrimi
626 3993 704 4035 senes
716 3982 941 4051 uociferarentur,
959 3983 1115 4053 aequalitati
1127 3985 1315 4055 postposuisse
1326 3989 1403 4054 puto.

252 4062 296 4118 Ad
308 4061 487 4132 spectandum
500 4063 578 4128 enim,
596 4079 651 4120 non
662 4064 698 4120 ad
712 4065 854 4134 legendum
872 4068 1038 4136 composilae
1056 4077 1120 4125 sunt
1131 4070 1222 4126 Plauti
1239 4069 1404 4126 comoediae.
