3092 4756
364 321 406 378 De
424 320 592 376 Bacchidem
609 307 752 376 Plautinae
769 320 963 378 retractatione
981 321 1114 379 scaenica.
1231 319 1311 382 ¹183

159 493 279 580 -515)
303 494 546 578 Hyginumque,
572 498 713 560 autnon
735 497 944 574 cognoscatur
965 512 1027 575 quo
1049 494 1119 561 loco
1141 513 1245 576 quaue
1268 513 1310 560 ex

158 603 249 684 parte
271 595 378 663 aditus
400 595 443 661 ad
465 613 571 661 arcem
592 595 684 661 ruina
711 598 841 677 apertus
862 595 917 661 sit:
948 597 987 661 ei.
1010 595 1161 674 Quintum
1184 594 1311 680 Smym.
1425 625 1428 630 ·

158 701 223 764 XII
243 718 274 764 u.
298 700 360 761 440
375 714 423 777 sq.
453 703 485 762 et
506 695 654 763 Proolum
678 687 817 772 Ἰλιάδος
838 698 958 783 μικρᾶς
982 702 1015 762 et
1034 688 1128 762 Ἰλίου
1150 701 1311 784 Πέρσεως

158 805 385 885 excerptorem.
961 875 963 883 Α
1210 838 1218 848 =

633 1017 835 1028 ψ...

563 1283 832 1362 EXOURSUS
860 1287 907 1367 II.

670 1435 706 1489 au
723 1438 739 1502 s
758 1439 798 1489 ιι.

192 1594 283 1644 Bacch.
294 1609 319 1642 u.
332 1596 377 1644 ill
391 1606 441 1656 sq.:
460 1591 575 1654 Namque
593 1589 630 1640 ita
646 1606 686 1642 me
704 1590 729 1640 di
747 1593 839 1651 ament,
857 1591 886 1640 ult
903 1591 1010 1656 Lycur
1016 1606 1075 1655 gua
1092 1591 1156 1642 mibi
1174 1591 1276 1654 quidem

458 1675 567 1727 Videtur
583 1689 654 1739 posse
672 1675 713 1724 hic
731 1674 763 1724 dd
781 1676 919 1738 nequitiam
938 1676 1064 1727 adddcier.

663 1812 814 1822 *-

244 1914 397 1993 Quisnam
419 1918 504 1979 esset
525 1912 655 1996 Lycur
662 1930 734 1994 gns
766 1914 822 1980 ille
844 1914 934 1981 narie
956 1935 977 1980 a
998 1911 1050 1981 uu.
1073 1913 1126 1984 dd·
1149 1913 1310 1999 discepta-

156 2021 226 2083 tum
247 2021 305 2082 est.
350 2017 457 2096 Atque
482 2015 677 2098 antiquiores
705 2018 987 2098 commentatores,
1018 2015 1108 2082 uelut
1129 2016 1312 2084 Taubman·

158 2138 234 2202 nus,
256 2114 675 2183 Lacedaemoniorum
697 2115 984 2199 legislatorem
1007 2115 1221 2198 significatum
1239 2137 1311 2185 esse

158 2218 326 2304 putabant.
370 2216 515 2283 Eandem
535 2218 725 2285 sententiam
746 2215 1008 2286 Schneidewinus
1030 2217 1110 2284 Mus.
1126 2219 1227 2286 Rhen.
1242 2223 1265 2284 t.
1281 2220 1314 2285 Π

157 2341 190 2404 p.
214 2325 276 2383 415
291 2337 361 2401 sqq.
388 2319 568 2386 confirmari
591 2319 743 2387 censebat
763 2319 924 2386 Ammiani
952 2319 1129 2388 Marcellini
1157 2321 1312 2388 hocloco

158 2418 271 2503 (XXX
294 2419 358 2503 39):
381 2419 550 2506 Lycurpoa
572 2423 724 2485 inaruisse
745 2443 779 2484 se
798 2420 1005 2505 praedicabat
1025 2432 1057 2486 et
1079 2420 1201 2486 Cassios
1223 2421 1311 2486 colu·
1366 2487 1368 2490 .

145 2523 243 2584 ‘mr'nu
264 2523 401 2585 iustitiae
420 2525 556 2607 praseae.

245 2623 383 2690 Meierus
405 2630 521 2709 autem,
544 2625 598 2708 qui
620 2625 775 2710 peculiari
796 2624 1076 2692 dissertatiuncula
1098 2625 1136 2687 de
1156 2624 1310 2709 Lyeurpo

159 2727 192 2788 in
207 2725 318 2789 Plauti
329 2724 541 2789 Bacchidibus
557 2727 655 2794 indici
671 2726 805 2794 Halensi
827 2748 855 2793 a.
874 2727 1007 2806 1852l53
1030 2725 1209 2810 praemissa
1231 2727 1315 2793 hanc

158 2826 380 2911 quaestionem
401 2829 560 2913 tractauit,
582 2829 760 2896 Marcellini
775 2830 845 2896 loco
868 2836 900 2894 et
921 2829 978 2893 illo
1001 2831 1034 2893 et
1054 2828 1116 2893 hoo
1137 2825 1246 2909 (XXII
1262 2826 1312 2911 9):

167 2927 281 2991 Verrem
303 2928 357 2991 ille
373 2928 524 2993 iudicibus
542 2921 660 2994 Cassiis
668 2933 793 2994 tristior
809 2941 841 2993 et
853 2930 1014 3014 Lycurpr's
1031 2928 1214 2996 doctissime
1229 2948 1313 2995 ccm-

160 3030 311 3116 probauit
331 3030 511 3098 Atticum
526 3017 737 3114 significatum
761 3051 832 3099 esse
855 3037 1073 3113 oratorem,
1096 3030 1185 3096 ouius
1200 3030 1314 3096 tristis-

163 3133 246 3198 sima
266 3131 299 3196 in
321 3131 501 3199 accusando
523 3135 677 3201 seueritas
699 3133 786 3200 haud
814 3152 905 3199 secus
929 3151 1024 3214 quam
1047 3134 1082 3198 L.
1106 3133 1210 3199 Cassii
1232 3133 1314 3197 Lon-

157 3234 229 3318 gini
251 3233 284 3298 in
305 3233 468 3316 prouerbii
491 3235 752 3302 consuetudinem
774 3236 925 3303 uenisset.
963 3237 1035 3300 Iam
1056 3254 1133 3301 uero
1156 3233 1197 3299 ad
1218 3234 1315 3298 Plau·

161 3335 262 3401 tinum
283 3335 374 3401 illum
395 3337 577 3421 Lycurgum
600 3357 769 3405 conuersus
791 3338 835 3405 ad
856 3338 938 3404 hane
957 3356 1025 3402 rem
1046 3334 1219 3418 plurimum
1233 3333 1315 3398 illud

161 3438 269 3504 ualere
291 3437 422 3520 iudicat,
446 3436 532 3521 quod
554 3459 616 3504 non
639 3438 782 3505 tradatur
797 3440 979 3524 Lycurgum
996 3436 1192 3522 Spartiatam
1213 3437 1315 3502 nimia

149 3536 261 3605 'tuisse
283 3539 413 3625 duritia;
440 3546 607 3625 praeterea
628 3540 755 3624 Lydum
775 3541 1000 3627 paedagogum
1014 3539 1121 3606 Attico
1144 3559 1243 3624 puero
1259 3538 1314 3604 do-

161 3640 295 3707 mestica
316 3643 423 3727 potius
445 3661 622 3726 proponere
644 3641 793 3710 debuisse
816 3641 975 3727 exempla.
1012 3640 1131 3707 Contra
1157 3647 1316 3705 oratorem

159 3743 249 3810 illum
271 3744 412 3812 Atticum
434 3751 582 3812 constare
610 3745 652 3811 ab
686 3744 772 3811 uictu
802 3745 951 3825 cultuque
981 3741 1184 3808 durissimum
1205 3741 1314 3808 fuisse.

159 3844 275 3927 Neque
299 3865 316 3909 e
337 3853 516 3931 temporum
537 3846 714 3914 rationibus
729 3846 900 3930 quicquam
922 3845 997 3912 oriri
1017 3842 1228 3909 difficultatis:
1252 3841 1315 3925 Ly-

163 3965 295 4028 curgum
310 3951 466 4014 oratorem
476 3947 644 4032 probabile
656 3968 727 4015 esse
741 3948 853 4034 paucis
868 3948 960 4015 annis
975 3949 1049 4012 ante
1063 3942 1193 4024 obiisse,
1215 3961 1313 4024 quam
1430 3987 1434 4000 ,

159 4047 335 4113 Menander
357 4048 513 4131 coepisset
534 4049 662 4117 fabulas
685 4049 811 4118 docere.
