3092 4756
336 328 379 383 De
395 327 565 384 Bacchidnm
581 327 725 383 Plautinae
742 329 934 385 retractatione
951 331 1084 386 scaenica.
1225 326 1285 390 175

124 501 291 570 Plautinis
302 502 438 568 insnum
454 519 548 567 usum
565 500 756 569 conuerterit
767 506 956 569 retractator
966 502 1045 570 satis
1061 507 1148 571 certa
1162 505 1286 571 coniec-

103 603 203 770 Snra
224 602 361 684 adsequi
382 622 568 686 possumus,
597 623 702 686 neque
723 602 841 670 seimus
870 623 946 670 num
973 604 1096 686 omnia,
1125 625 1209 689 qnae
1231 607 1286 674 ille

152 707 293 788 enasset,
314 709 371 770 ant
393 702 521 771 omnino
542 711 672 790 recepta
693 704 757 772 sint
778 705 811 770 in
831 705 1109 788 grammaticorum
1124 709 1284 794 exempla-

124 806 179 872 ria
201 812 258 872 ant
278 803 372 872 nobis
402 809 540 872 seruata.
583 807 707 873 Tamen
732 806 903 891 impetrare
931 826 953 872 a
976 826 1028 873 me
1050 827 1113 874 non
1135 809 1286 893 potuine

124 907 180 990 iis,
204 926 288 994 quae
308 907 342 972 in
357 911 517 992 potestate
532 915 648 990 essent,
670 908 717 974 ita
735 915 851 992 uterer,
873 913 907 992 nt
928 908 1167 992 intellegeretur
1188 929 1284 994 quae-

126 1029 206 1076 nam
226 1008 326 1075 fuisse
347 1015 480 1093 possent
501 1010 731 1077 sententiarum
752 1009 848 1077 uices.

218 1111 401 1178 Teneamus
429 1111 527 1194 igitur
553 1129 623 1176 com
654 1111 687 1177 in
716 1111 849 1178 exordio
877 1110 971 1178 huius
998 1129 1135 1178 scaenae
1163 1117 1230 1179 tum
1252 1113 1285 1180 in

129 1213 205 1298 ipsa
227 1217 370 1280 extrema
395 1217 489 1296 parte
517 1212 596 1278 satIs
617 1211 774 1279 uiolenter
801 1212 904 1280 uideri
931 1218 1171 1282 retractatorem
1193 1215 1286 1297 quasi

129 1314 329 1399 amputando
345 1313 378 1381 in
393 1319 563 1398 angustum
585 1313 730 1396 coegisse
751 1333 923 1380 sermones.
961 1314 1082 1393 Quodsi
1103 1335 1201 1384 causa
1222 1335 1286 1384 non

129 1425 182 1486 est
203 1437 259 1483 eur
280 1433 434 1498 negemus
455 1415 579 1498 priores
601 1416 666 1480 XX
687 1433 799 1482 uersus
819 1414 955 1482 intactos
976 1420 1216 1484 retractatorem
1237 1437 1285 1484 re-

129 1519 280 1600 liquisse:
310 1534 394 1598 quae
421 1522 544 1584 restant
569 1515 658 1583 haud
685 1516 781 1583 mirer
810 1515 838 1581 si
869 1515 912 1582 ad
939 1518 1022 1584 hanc
1049 1518 1116 1584 sere
1145 1517 1285 1602 speciem

131 1617 311 1704 composita
335 1617 467 1718 fuerint:

222 1801 283 1855 xx.
302 1803 385 1857 alc:
406 1799 609 1872 quincuncem,
628 1801 651 1856 εἰ
670 1783 809 1856 erminum
827 1801 1036 1857 curreretur:
1054 1801 1091 1856 m·
1110 1802 1163 1858 nco
1180 1819 1284 1861 mecum

746 1885 836 1941 intro?

170 1971 283 2028 XXXV.
301 1972 382 2027 Hunc
394 1970 500 2026 ueniam
512 1970 566 2024 illis
582 1969 678 2025 sinete
691 1970 806 2025 exorem.
839 1968 945 2040 <ΝΙΟι>
963 1971 1041 2040 Quod
1053 1971 1136 2028 semel
1149 1973 1212 2040 dixi,
1229 1973 1284 2030 heu

183 2141 285 2197 XXIH.
304 2139 405 2195 PHIL:
423 2139 515 2194 Etiam
533 2142 576 2206 tn,
599 2137 679 2194 homo
697 2054 882 2207 nihffiptffid
895 2138 928 2235 'di
946 2139 1011 2194 dant
1027 2139 1091 2195 boni
1114 2146 1182 2198 caue
1204 2145 1284 2212 culpa

300 2309 448 2364 Dimidium
466 2308 525 2362 auri
543 2308 635 2376 datur:
659 2223 929 2377 accipitcazapzileisglree
946 2314 974 2363 et
991 2311 1110 2364 scortum
1128 2308 1283 2366 accirmbas.

195 2393 282 2448 XXV.
302 2393 379 2449 NIO:
401 2393 493 2463 Egon,
511 2392 556 2447 ribi
573 2391 644 2447 filius
663 2395 851 2461 corrumpatur
868 2407 956 2462 meus,
980 2393 1018 2450 ibi
1035 2395 1146 2463 potem?
1180 2394 1282 2450 PHIL:

232 2539 234 2543 ,
301 2562 375 2618 Nic:
393 2564 451 2631 Age
462 2563 525 2628 iarn,
542 2566 666 2642 ritutest,
685 2475 1028 2662 etsisiogssigffiaequatiar,
1047 2564 1137 2620 iacere
1154 2565 1284 2664 inducam

128 2731 283 2788 XXXVIII.
303 2731 388 2788 Satin'
402 2732 450 2800 ego
463 2731 534 2788 istuc
549 2731 635 2786 habeo
654 2649 945 2825 omrmiffissgmusm
964 2731 989 2785 It
1006 2729 1072 2798 dies,
1090 2733 1129 2789 ite
1145 2722 1282 2791 introeo·

298 2900 361 2956 Filii
378 2917 428 2957 uos
446 2903 592 2972 expectent
608 2900 690 2956 intus.
712 2815 912 2996 ‘Nellgrltianlram
935 2900 1042 2970 quidem
1065 2905 1187 2956 actutum
1210 2918 1281 2958 emo-

208 3072 281 3126 XLI.
300 3069 387 3126 SOR:
400 3071 504 3141 Lepide
513 3071 541 3125 hi
550 3074 615 3126 sunt
624 3070 705 3138 cepti,
715 2981 843 3139 fiffilqldlir
845 3025 934 3126 iecere
943 3069 1064 3126 insidias.
1087 3069 1199 3143 (Mil)
1211 3051 1281 3140 Ital

132 3241 227 3309 Cuius
250 3243 390 3327 exempli
411 3243 440 3310 si
461 3264 526 3311 non
545 3243 701 3310 dissimile
717 3248 787 3310 erat
799 3245 1014 3313 retractatoris
1029 3263 1118 3328 opus,
1139 3244 1182 3311 ed
1198 3264 1280 3311 oom-

130 3343 282 3428 pendium
305 3345 433 3411 conlata
461 3364 578 3412 scaena
606 3354 754 3412 seruatae
782 3351 889 3412 tamen
919 3350 1009 3410 erant
1037 3361 1146 3409 omnes
1175 3345 1280 3412 resin

131 3445 272 3530 pleniore
287 3445 466 3532 exemplari
481 3445 706 3514 adumbratae:
729 3447 819 3512 uelut
838 3465 933 3512 uersu
946 3445 1091 3510 XXXIX
1105 3448 1282 3532 respexerit

131 3546 173 3613 ad
195 3567 254 3631 ea,
280 3567 363 3630 quae
385 3549 418 3614 in
441 3548 543 3615 altera
564 3547 749 3616 recensione
771 3546 858 3613 dicta
879 3551 972 3612 erant
992 3566 1043 3613 un.
1066 3547 1211 3616 XXXIII
1231 3569 1279 3632 sq.

216 3647 374 3733 Ceterum,
404 3671 445 3717 ne
467 3649 546 3732 quid
568 3668 670 3732 erres,
699 3646 740 3716 de
754 3668 784 3714 u.
800 3647 974 3714 XXXVIII
1002 3669 1116 3717 moneo
1145 3652 1192 3716 ita
1213 3670 1280 3716 rem

106 3751 111 3757 “
130 3750 381 3836 intellegendam
405 3771 486 3834 esse,
508 3757 544 3818 nt
558 3770 667 3834 senex,
688 3755 861 3835 postquam
875 3749 954 3818 satis
969 3750 1059 3818 breui
1073 3751 1280 3833 persuasione

130 3903 333 3914 ——u—-n

220 3991 242 4053 l)
259 3986 291 4039 In
309 3985 362 4041 hoc
379 3986 461 4056 igitur
477 3986 600 4056 exemplo
618 4002 664 4044 uu.
677 3987 730 4042 XX
742 3992 769 4042 et
782 3987 846 4042 XLI
864 3987 1004 4053 utriusque
1021 3982 1187 4040 recensionis
1206 4001 1278 4041 cem-

117 4076 225 4124 munes
243 4074 315 4126 sunt.
