3080 4748
338 379 379 433 De
396 379 561 436 Bacchidum
579 379 722 435 Plautinae
739 383 931 438 retractatione
948 385 1081 438 scaenica.
1220 387 1277 463 tot

217 551 321 630 Quem
343 553 521 631 argumenti
544 556 748 636 conspectum
771 553 799 618 si
822 553 892 633 quis
916 555 1062 635 quamuis
1084 556 1188 624 obiter
1209 576 1279 641 per·

126 652 319 734 cucurrerit,
348 654 464 720 sentiet
491 660 599 718 tamen
630 653 743 720 abesse
773 660 892 721 certum
922 661 954 721 et
982 662 1179 724 constantem
1207 678 1279 742 pro-

127 773 277 840 gressum
296 755 524 820 sententiarum
547 775 585 821 ao
607 774 778 821 conexum:
800 754 898 822 immo
921 756 1059 840 dispesci
1081 758 1209 845 saepius
1231 779 1279 842 ea,

128 875 214 937 quae
231 855 372 922 eiusdem
394 856 457 921 sint
479 856 665 940 argumenti,
690 856 861 940 coniugari,
884 876 967 938 quae
989 859 1052 923 sint
1073 855 1278 926 alienissime.

128 957 213 1022 Sunt
227 964 334 1022 autem
350 957 433 1022 duae
447 958 619 1042 praecipue
637 977 697 1038 res,
720 975 802 1037 quae
824 958 977 1024 acerrime
999 960 1109 1025 oculos
1129 961 1279 1044 perstrin-

126 1065 223 1142 gunt:
252 1057 353 1142 prior,
384 1058 470 1139 quod
493 1058 616 1125 duobus
639 1060 718 1124 locis
741 1058 877 1125 diuersis
900 1060 1059 1126 contentio
1081 1060 1139 1126 illa
1160 1062 1193 1126 in
1216 1061 1279 1127 sin-

125 1161 224 1246 gulas
247 1178 400 1243 personas
423 1160 609 1225 transfertur
631 1159 677 1224 ita
700 1160 838 1241 quidem,
861 1167 896 1226 ut
917 1160 941 1225 ii
963 1161 1035 1246 ipsi,
1059 1163 1114 1244 qui
1136 1163 1200 1228 iam
1223 1185 1278 1248 ap-

126 1261 306 1347 pellatione
330 1261 469 1341 quadam
492 1280 532 1326 cx
555 1261 703 1327 Troianis
724 1261 842 1327 fabulis
865 1269 993 1346 sumpta
1014 1263 1116 1329 notati
1138 1264 1211 1345 sint,
1238 1285 1280 1332 ex

125 1369 222 1448 parte
244 1363 419 1446 posteriore
445 1363 514 1428 loco
543 1362 659 1428 iterum
688 1362 761 1427 aliis
789 1363 969 1429 nominibus
999 1371 1189 1449 augeantur3
1220 1386 1279 1433 neo

126 1466 235 1531 minus
250 1463 385 1530 offendit
399 1463 554 1529 audacem
568 1464 657 1528 illam
675 1463 778 1530 Ulixis
797 1464 1044 1548 expeditionem,
1067 1483 1163 1546 quam
1186 1490 1279 1530 πτω-

123 1572 221 1648 χείας
236 1565 363 1631 nomine
378 1563 556 1648 significare
571 1565 792 1631 consueuimus
803 1565 835 1648 ¹),
853 1566 901 1630 bis
913 1572 1191 1633 commemoratam
1208 1587 1279 1632 oum

126 1667 246 1735 eodem
261 1665 430 1746 utrobique
446 1665 594 1751 Chrysali
613 1666 752 1750 periculo
775 1667 968 1752 comparari:
992 1666 1093 1748 quid?
1116 1667 1203 1751 quod
1225 1667 1278 1733 iis

127 1770 204 1836 dem
227 1772 293 1834 fere
315 1766 422 1832 uerbis
445 1773 578 1848 utroque
600 1769 671 1833 looo
694 1772 831 1834 ornatur.

217 1870 357 1949 Quorum
379 1869 520 1934 locorum
542 1887 612 1932 eam
642 1888 712 1934 esse
741 1869 977 1952 condicionem,
1004 1875 1040 1934 nt
1067 1871 1154 1936 nullo
1184 1869 1279 1936 modo

126 1977 264 2053 uterquc
278 1971 372 2038 simul
387 1968 561 2034 consistere
578 1969 689 2052 possit,
712 1975 777 2035 tam
799 1977 944 2056 apertum
967 1975 1024 2054 cst,
1047 1976 1082 2037 ut
1104 1968 1200 2037 nulde
1222 1970 1278 2037 ad-

127 2076 226 2139 mirer
248 2077 322 2138 anto
338 2070 565 2153 Kiesslingium
581 2071 739 2137 neminem
756 2073 925 2154 exstitisse,
949 2073 1004 2155 qui
1020 2074 1205 2139 alterutrum
1224 2092 1278 2139 ex-

126 2176 273 2260 pelleret.
318 2160 617 2238 Luculentissimum
640 2172 724 2237 enim
748 2173 799 2237 hio
821 2172 975 2238 habemus
1005 2173 1187 2257 duplicis
1216 2194 1279 2240 re-

127 2274 340 2343 censionis
369 2273 567 2356 exemplum,
598 2272 684 2354 quod
712 2272 784 2346 hoo¹
803 2273 975 2359 specimine
1006 2272 1105 2338 oculis
1134 2272 1280 2340 subicere

127 2379 219 2444 licet:

642 2506 719 2560 Rec.
737 2508 770 2559 A.

130 2628 231 2696 Epiust
246 2625 425 2680 Pistoclerus:
445 2625 478 2679 ab
497 2639 529 2678 eo
548 2623 615 2678 haec
633 2627 763 2692 sumptae.
798 2623 982 2678 Mnesilochus
1000 2622 1092 2678 Sinost
1229 2628 1277 2680 937

130 2712 260 2767 Relictus.
290 2710 371 2764 ellum
388 2709 444 2764 non
461 2709 489 2763 in
507 2709 588 2763 busto
607 2707 715 2774 Achilli,
735 2707 826 2761 sedin
844 2708 915 2762 lecto
933 2707 1064 2762 ddcubat:

131 2795 295 2851 Bacchidem
307 2795 391 2849 habet
402 2809 501 2859 secum,
519 2792 565 2847 ille
577 2792 641 2847 olim
659 2793 715 2862 (ot)
732 2791 827 2845 habuit
838 2793 933 2858 ignem,
952 2791 997 2859 qui
1010 2791 1113 2858 signdm
1125 2791 1216 2846 daret:

132 2881 211 2935 Nunc
230 2879 319 2949 ipsum
338 2880 432 2932 exurit.
462 2876 510 2946 ego
529 2893 588 2932 sum
605 2877 706 2942 Ulixes,
722 2865 820 2944 'quoius
839 2875 950 2929 consilio
969 2873 1038 2929 haec
1054 2880 1159 2942 gerunt.
1230 2879 1280 2930 940

132 2965 201 3019 Nam
213 2965 253 3018 illi
265 2964 356 3018 itidem
366 2963 472 3018 Ulixem
483 2961 584 3026 audiui,
598 2966 629 3015 ut
640 2977 689 3029 ego
698 2976 765 3024 sum,
778 2959 865 3015 inisse
877 2965 904 3013 et
916 2957 1046 3013 audacem
1055 2958 1084 3012 et
1095 2959 1203 3015 malum.
1230 2965 1281 3016 sla

132 3049 260 3104 Menddci
277 3063 325 3117 ego
344 3062 460 3116 prensus
478 3062 551 3129 snm:
570 3047 613 3100 llle
630 3047 757 3100 inuentus
775 3040 933 3098 nendicans
951 3057 1038 3112 paene
1056 3043 1155 3110 interit,

132 3133 200 3188 Dum
219 3133 258 3188 ibi
274 3132 349 3188 stota
367 3131 483 3199 exquirit
500 3131 620 3184 iliorum.
647 3129 806 3184 adsimiliter
823 3129 859 3182 mi
877 3127 957 3182 hodie
975 3128 1083 3196 optigit:

133 3219 244 3273 Vinctus
263 3233 332 3282 sum,
350 3214 398 3270 sed
416 3214 485 3269 dolls
503 3231 546 3268 me
564 3214 661 3268 exemi:
680 3214 745 3268 item
763 3213 807 3266 llle
826 3228 856 3267 se
872 3209 964 3266 serudt
982 3212 1059 3266 dolis.
1231 3218 1282 3268 952

198 3327 417 3447 Μῃξὲἵᾝὸ,
435 3389 539 3443 exponen*
557 3401 570 3432 a
589 3357 685 3442 (lugeto,
703 3389 779 3431 obsunt
797 3388 823 3430 ab
840 3388 911 3430 Ambr.
934 3382 939 3448 Ι
964 3383 1022 3433 937.
1041 3385 1091 3428 inda
1104 3383 1133 3446 (i)
1148 3399 1190 3440 pro
1209 3389 1235 3431 ab
1254 3400 1282 3432 ao

198 3461 316 3505 Muellerus
330 3461 384 3502 Add.
398 3459 457 3502 Pros.
476 3458 507 3501 Pl.
520 3471 543 3510 p.
555 3458 589 3505 98,
608 3469 635 3498 na
652 3456 744 3499 uitiosus
761 3456 790 3498 sit
807 3460 895 3509 quartus
912 3454 1022 3496 octonon't
1036 3465 1089 3506 pem
1107 3455 1146 3497 sed
1165 3455 1281 3499 dimetian-

210 3611 234 3670 1)
249 3605 394 3659 Narratam
406 3602 501 3674 Odyss.
511 3602 550 3658 IV
560 3605 703 3666 nte-258,
720 3601 754 3655 ol.
766 3598 861 3667 Eurip.
870 3597 975 3654 Hecub.
987 3603 1130 3656 239-250.
1157 3599 1283 3654 Ceterum

134 3688 398 3744 animaduertendum
416 3695 458 3742 est
477 3691 585 3756 poetam
608 3701 663 3741 non
680 3684 865 3749 Homericam,
890 3683 937 3738 sed
954 3683 1130 3753 Euripideum
1147 3683 1281 3737 narratio-

135 3790 192 3829 nem
209 3774 346 3842 amplecti,
363 3773 390 3826 id
403 3773 474 3842 quod
486 3773 515 3826 in
527 3771 676 3842 posteriore
688 3771 771 3839 magis
783 3783 864 3838 quam
876 3767 906 3823 in
918 3767 1008 3836 priore
1025 3769 1086 3823 loco
1105 3765 1282 3834 conspicuum

135 3865 185 3925 est,
207 3873 370 3928 quamquam
387 3874 420 3912 ne
437 3857 482 3912 hio
500 3855 607 3924 quidem
630 3856 709 3908 latet:
734 3855 807 3924 apud
824 3853 971 3909 Homerum
995 3853 1064 3906 enim
1081 3851 1211 3907 Hecubae
1229 3852 1281 3905 bac

134 3943 160 3996 in
177 3959 206 3998 re
223 3943 300 3997 nulla
316 3941 348 3995 lit
364 3942 471 3996 mentio.
508 3940 595 4009 Quam
618 3940 726 4007 quidem
749 3955 805 3993 rem
828 3937 895 3992 satis
918 3936 1095 4006 probabiliter
1113 3934 1280 4006 Ladeuigiua

135 4029 276 4086 lAnaleota
290 4026 423 4093 scaenica,
441 4041 531 4096 progr.
544 4041 632 4094 gymu.
646 4024 717 4078 Nou.
730 4022 830 4076 Strelit.
848 4036 873 4076 a.
891 4025 953 4074 1848
971 4037 997 4089 p.
1014 4024 1053 4086 11)
1071 4020 1107 4075 ad
1120 4020 1203 4075 Ennii
1220 4036 1281 4075 uer-

136 4111 235 4166 sionem
252 4110 362 4165 fabulae
380 4109 542 4178 Euripideae
560 4109 673 4163 rettulit.
700 4097 740 4162 O'i.
759 4108 912 4160 Excursum
929 4105 949 4159 1.
