<?xml version="1.0" encoding="UTF-8"?>
<!DOCTYPE html PUBLIC "-//W3C//DTD XHTML 1.0 Transitional//EN"
    "http://www.w3.org/TR/xhtml1/DTD/xhtml1-transitional.dtd">
<html xmlns="http://www.w3.org/1999/xhtml" xml:lang="en" lang="en">
 <head>
  <title>
</title>
<meta http-equiv="Content-Type" content="text/html;charset=utf-8" />
  <meta name='ocr-system' content='tesseract 3.04.00' />
  <meta name='ocr-capabilities' content='ocr_page ocr_carea ocr_par ocr_line ocrx_word'/>
</head>
<body>
  <div class='ocr_page' id='page_1' title='image "./debacchidumplau00bracgoog_0066.png"; bbox 0 0 3080 4748; ppageno 0'>
   <div class='ocr_carea' id='block_1_1' title="bbox 340 251 1280 318">
    <p class='ocr_par' dir='ltr' id='par_1_1' title="bbox 340 251 1280 318">
     <span class='ocr_line' id='line_1_1' title="bbox 340 251 1280 318; baseline 0.014 -13"><span class='ocrx_word' id='word_1_1' title='bbox 340 251 382 306; x_wconf 91' lang='lat' dir='ltr'><strong>De</strong></span> <span class='ocrx_word' id='word_1_2' title='bbox 399 253 566 307; x_wconf 83' lang='lat' dir='ltr'><strong>Bacchidem</strong></span> <span class='ocrx_word' id='word_1_3' title='bbox 584 252 727 309; x_wconf 74' lang='lat' dir='ltr'>Plautinae</span> <span class='ocrx_word' id='word_1_4' title='bbox 746 256 937 312; x_wconf 81' lang='lat' dir='ltr'><strong>retractatione</strong></span> <span class='ocrx_word' id='word_1_5' title='bbox 956 259 1090 313; x_wconf 87' lang='lat' dir='ltr'><strong>scaenica.</strong></span> <span class='ocrx_word' id='word_1_6' title='bbox 1225 260 1280 318; x_wconf 94' lang='grc'><strong>111</strong></span> 
     </span>
    </p>
   </div>
   <div class='ocr_carea' id='block_1_2' title="bbox 123 423 1286 3550">
    <p class='ocr_par' dir='ltr' id='par_1_2' title="bbox 125 423 1286 2130">
     <span class='ocr_line' id='line_1_2' title="bbox 219 423 1285 514; baseline 0.011 -30"><span class='ocrx_word' id='word_1_7' title='bbox 219 427 237 499; x_wconf 66' lang='grc' dir='ltr'><strong>ξ</strong></span> <span class='ocrx_word' id='word_1_8' title='bbox 254 425 305 488; x_wconf 83' lang='lat'><strong>27.</strong></span> <span class='ocrx_word' id='word_1_9' title='bbox 343 423 436 490; x_wconf 89' lang='lat' dir='ltr'><strong>Nunc</strong></span> <span class='ocrx_word' id='word_1_10' title='bbox 451 425 578 490; x_wconf 89' lang='lat' dir='ltr'><strong>demum</strong></span> <span class='ocrx_word' id='word_1_11' title='bbox 597 425 639 491; x_wconf 89' lang='lat' dir='ltr'><strong>ad</strong></span> <span class='ocrx_word' id='word_1_12' title='bbox 654 426 903 509; x_wconf 86' lang='lat' dir='ltr'><strong>Kiesslingii</strong></span> <span class='ocrx_word' id='word_1_13' title='bbox 924 436 1067 496; x_wconf 90' lang='lat' dir='ltr'><strong>reuertor</strong></span> <span class='ocrx_word' id='word_1_14' title='bbox 1087 431 1285 514; x_wconf 90' lang='lat' dir='ltr'><strong>sententiam,</strong></span> 
     </span>
     <span class='ocr_line' id='line_1_3' title="bbox 129 524 1286 615; baseline 0.009 -27"><span class='ocrx_word' id='word_1_15' title='bbox 129 524 222 589; x_wconf 90' lang='lat' dir='ltr'><strong>cuius</strong></span> <span class='ocrx_word' id='word_1_16' title='bbox 249 543 333 606; x_wconf 88' lang='lat' dir='ltr'><strong>quae</strong></span> <span class='ocrx_word' id='word_1_17' title='bbox 363 543 487 590; x_wconf 89' lang='lat' dir='ltr'><strong>summa</strong></span> <span class='ocrx_word' id='word_1_18' title='bbox 517 531 565 592; x_wconf 88' lang='lat' dir='ltr'><strong>est</strong></span> <span class='ocrx_word' id='word_1_19' title='bbox 593 527 733 592; x_wconf 90' lang='lat' dir='ltr'><strong>nondum</strong></span> <span class='ocrx_word' id='word_1_20' title='bbox 762 529 898 596; x_wconf 86' lang='lat' dir='ltr'><strong>narraui.</strong></span> <span class='ocrx_word' id='word_1_21' title='bbox 942 531 1000 597; x_wconf 90' lang='lat' dir='ltr'><strong>Ille</strong></span> <span class='ocrx_word' id='word_1_22' title='bbox 1031 531 1131 615; x_wconf 89' lang='lat' dir='ltr'><strong>enim,</strong></span> <span class='ocrx_word' id='word_1_23' title='bbox 1161 534 1286 600; x_wconf 85' lang='lat' dir='ltr'><strong>etiamsi</strong></span> 
     </span>
     <span class='ocr_line' id='line_1_4' title="bbox 128 627 1285 714; baseline 0.008 -23"><span class='ocrx_word' id='word_1_24' title='bbox 128 645 244 692; x_wconf 89' lang='lat' dir='ltr'><strong>uersus</strong></span> <span class='ocrx_word' id='word_1_25' title='bbox 260 629 429 689; x_wconf 80' lang='lat'>945—952</span> <span class='ocrx_word' id='word_1_26' title='bbox 452 627 581 693; x_wconf 80' lang='lat' dir='ltr'><strong>histrico</strong></span> <span class='ocrx_word' id='word_1_27' title='bbox 599 635 713 712; x_wconf 91' lang='lat' dir='ltr'><strong>poetae</strong></span> <span class='ocrx_word' id='word_1_28' title='bbox 729 628 843 713; x_wconf 83' lang='lat' dir='ltr'><strong>reddit,</strong></span> <span class='ocrx_word' id='word_1_29' title='bbox 866 632 1011 714; x_wconf 83' lang='lat' dir='ltr'><strong>geminas</strong></span> <span class='ocrx_word' id='word_1_30' title='bbox 1031 639 1136 700; x_wconf 91' lang='lat' dir='ltr'><strong>tamen</strong></span> <span class='ocrx_word' id='word_1_31' title='bbox 1158 635 1285 701; x_wconf 88' lang='lat' dir='ltr'><strong>illorum</strong></span> 
     </span>
     <span class='ocr_line' id='line_1_5' title="bbox 127 731 1285 819; baseline 0.009 -29"><span class='ocrx_word' id='word_1_32' title='bbox 127 734 260 811; x_wconf 90' lang='lat' dir='ltr'><strong>partes,</strong></span> <span class='ocrx_word' id='word_1_33' title='bbox 284 746 395 794; x_wconf 88' lang='lat' dir='ltr'><strong>uersus</strong></span> <span class='ocrx_word' id='word_1_34' title='bbox 418 735 450 792; x_wconf 92' lang='lat' dir='ltr'><strong>et</strong></span> <span class='ocrx_word' id='word_1_35' title='bbox 475 731 643 794; x_wconf 73' lang='lat' dir='ltr'><strong>est-940</strong></span> <span class='ocrx_word' id='word_1_36' title='bbox 665 736 697 796; x_wconf 89' lang='lat' dir='ltr'><strong>et</strong></span> <span class='ocrx_word' id='word_1_37' title='bbox 718 733 902 812; x_wconf 75' lang='lat' dir='ltr'><strong>aur-965,</strong></span> <span class='ocrx_word' id='word_1_38' title='bbox 931 732 963 797; x_wconf 91' lang='lat' dir='ltr'><strong>in</strong></span> <span class='ocrx_word' id='word_1_39' title='bbox 984 734 1139 800; x_wconf 81' lang='lat' dir='ltr'><strong>Plautinis</strong></span> <span class='ocrx_word' id='word_1_40' title='bbox 1161 738 1285 819; x_wconf 85' lang='lat' dir='ltr'><strong>retinet,</strong></span> 
     </span>
     <span class='ocr_line' id='line_1_6' title="bbox 126 828 1284 917; baseline 0.008 -23"><span class='ocrx_word' id='word_1_41' title='bbox 126 828 194 894; x_wconf 89' lang='lat' dir='ltr'><strong>nisi</strong></span> <span class='ocrx_word' id='word_1_42' title='bbox 218 828 304 910; x_wconf 90' lang='lat' dir='ltr'><strong>quod</strong></span> <span class='ocrx_word' id='word_1_43' title='bbox 326 849 453 895; x_wconf 90' lang='lat' dir='ltr'><strong>uersum</strong></span> <span class='ocrx_word' id='word_1_44' title='bbox 476 832 556 914; x_wconf 80' lang='lat'><strong>961,</strong></span> <span class='ocrx_word' id='word_1_45' title='bbox 585 832 639 912; x_wconf 93' lang='lat' dir='ltr'><strong>qui</strong></span> <span class='ocrx_word' id='word_1_46' title='bbox 666 831 892 898; x_wconf 91' lang='lat' dir='ltr'><strong>sententiarum</strong></span> <span class='ocrx_word' id='word_1_47' title='bbox 922 832 1065 900; x_wconf 80' lang='lat' dir='ltr'><strong>ordinem</strong></span> <span class='ocrx_word' id='word_1_48' title='bbox 1095 836 1213 917; x_wconf 89' lang='lat' dir='ltr'><strong>turbet,</strong></span> <span class='ocrx_word' id='word_1_49' title='bbox 1244 858 1284 903; x_wconf 88' lang='lat' dir='ltr'><strong>ex</strong></span> 
     </span>
     <span class='ocr_line' id='line_1_7' title="bbox 129 929 1285 1020; baseline 0.006 -25"><span class='ocrx_word' id='word_1_50' title='bbox 129 929 373 996; x_wconf 87' lang='lat' dir='ltr'><strong>Wilamowitzii</strong></span> <span class='ocrx_word' id='word_1_51' title='bbox 394 931 554 998; x_wconf 85' lang='lat' dir='ltr'><strong>sententia</strong></span> <span class='ocrx_word' id='word_1_52' title='bbox 581 932 734 1016; x_wconf 84' lang='lat' dir='ltr'><strong>expungit</strong></span> <span class='ocrx_word' id='word_1_53' title='bbox 761 954 791 1016; x_wconf 89' lang='lat' dir='ltr'><strong>p.</strong></span> <span class='ocrx_word' id='word_1_54' title='bbox 818 937 864 999; x_wconf 80' lang='lat'><strong>17.</strong></span> <span class='ocrx_word' id='word_1_55' title='bbox 910 933 1066 1012; x_wconf 79' lang='lat' dir='ltr'><strong>Quattuor</strong></span> <span class='ocrx_word' id='word_1_56' title='bbox 1093 944 1200 1002; x_wconf 88' lang='lat' dir='ltr'><strong>autern</strong></span> <span class='ocrx_word' id='word_1_57' title='bbox 1231 939 1285 1020; x_wconf 92' lang='lat' dir='ltr'><strong>qui</strong></span> 
     </span>
     <span class='ocr_line' id='line_1_8' title="bbox 127 1031 1285 1124; baseline 0.01 -30"><span class='ocrx_word' id='word_1_58' title='bbox 127 1031 246 1111; x_wconf 87' lang='lat' dir='ltr'><strong>reliqui</strong></span> <span class='ocrx_word' id='word_1_59' title='bbox 262 1032 339 1096; x_wconf 85' lang='lat' dir='ltr'><strong>facti</strong></span> <span class='ocrx_word' id='word_1_60' title='bbox 354 1039 427 1099; x_wconf 92' lang='lat' dir='ltr'><strong>sunt</strong></span> <span class='ocrx_word' id='word_1_61' title='bbox 442 1053 553 1100; x_wconf 89' lang='lat' dir='ltr'><strong>uersus</strong></span> <span class='ocrx_word' id='word_1_62' title='bbox 571 1036 739 1097; x_wconf 82' lang='grc'>962-965</span> <span class='ocrx_word' id='word_1_63' title='bbox 761 1055 791 1117; x_wconf 90' lang='lat' dir='ltr'><strong>p.</strong></span> <span class='ocrx_word' id='word_1_64' title='bbox 812 1038 849 1098; x_wconf 85' lang='lat'><strong>16</strong></span> <span class='ocrx_word' id='word_1_65' title='bbox 872 1033 992 1101; x_wconf 90' lang='lat' dir='ltr'><strong>iudicat</strong></span> <span class='ocrx_word' id='word_1_66' title='bbox 1014 1044 1133 1122; x_wconf 89' lang='lat' dir='ltr'><strong>patere,</strong></span> <span class='ocrx_word' id='word_1_67' title='bbox 1153 1033 1285 1124; x_wconf 89' lang='lat' dir='ltr'><strong>‘quippe</strong></span> 
     </span>
     <span class='ocr_line' id='line_1_9' title="bbox 128 1132 1283 1223; baseline 0.005 -25"><span class='ocrx_word' id='word_1_68' title='bbox 128 1132 249 1213; x_wconf 90' lang='lat' dir='ltr'><strong>quibus</strong></span> <span class='ocrx_word' id='word_1_69' title='bbox 266 1133 404 1198; x_wconf 86' lang='lat' dir='ltr'><strong>Palladii</strong></span> <span class='ocrx_word' id='word_1_70' title='bbox 425 1139 534 1218; x_wconf 90' lang='lat' dir='ltr'><strong>raptus</strong></span> <span class='ocrx_word' id='word_1_71' title='bbox 558 1134 760 1218; x_wconf 85' lang='lat' dir='ltr'><strong>significetur,</strong></span> <span class='ocrx_word' id='word_1_72' title='bbox 784 1155 845 1201; x_wconf 93' lang='lat' dir='ltr'><strong>non</strong></span> <span class='ocrx_word' id='word_1_73' title='bbox 868 1155 925 1204; x_wconf 90' lang='lat' dir='ltr'><strong>suo</strong></span> <span class='ocrx_word' id='word_1_74' title='bbox 948 1137 1019 1203; x_wconf 93' lang='lat' dir='ltr'><strong>loco</strong></span> <span class='ocrx_word' id='word_1_75' title='bbox 1041 1139 1073 1203; x_wconf 92' lang='lat' dir='ltr'><strong>in</strong></span> <span class='ocrx_word' id='word_1_76' title='bbox 1096 1139 1186 1206; x_wconf 93' lang='lat' dir='ltr'><strong>libris</strong></span> <span class='ocrx_word' id='word_1_77' title='bbox 1208 1141 1283 1223; x_wconf 85' lang='lat' dir='ltr'><strong>legi,</strong></span> 
     </span>
     <span class='ocr_line' id='line_1_10' title="bbox 128 1229 1284 1322; baseline 0.008 -23"><span class='ocrx_word' id='word_1_78' title='bbox 128 1234 192 1299; x_wconf 89' lang='lat' dir='ltr'><strong>sed</strong></span> <span class='ocrx_word' id='word_1_79' title='bbox 214 1254 299 1317; x_wconf 90' lang='lat' dir='ltr'><strong>pone</strong></span> <span class='ocrx_word' id='word_1_80' title='bbox 322 1254 448 1301; x_wconf 89' lang='lat' dir='ltr'><strong>uersum</strong></span> <span class='ocrx_word' id='word_1_81' title='bbox 472 1239 533 1301; x_wconf 87' lang='grc'><strong>958</strong></span> <span class='ocrx_word' id='word_1_82' title='bbox 561 1256 631 1302; x_wconf 89' lang='lat' dir='ltr'><strong>esse</strong></span> <span class='ocrx_word' id='word_1_83' title='bbox 654 1229 893 1302; x_wconf 85' lang='lat' dir='ltr'><strong>conlocandos’.</strong></span> <span class='ocrx_word' id='word_1_84' title='bbox 932 1238 1121 1322; x_wconf 78' lang='lat' dir='ltr'><strong>Chrysalum</strong></span> <span class='ocrx_word' id='word_1_85' title='bbox 1145 1242 1284 1308; x_wconf 91' lang='lat' dir='ltr'><strong>enimin</strong></span> 
     </span>
     <span class='ocr_line' id='line_1_11' title="bbox 126 1334 1283 1424; baseline 0.007 -24"><span class='ocrx_word' id='word_1_86' title='bbox 126 1334 236 1418; x_wconf 93' lang='lat' dir='ltr'><strong>primo</strong></span> <span class='ocrx_word' id='word_1_87' title='bbox 257 1337 366 1402; x_wconf 88' lang='lat' dir='ltr'><strong>statim</strong></span> <span class='ocrx_word' id='word_1_88' title='bbox 389 1337 566 1420; x_wconf 88' lang='lat' dir='ltr'><strong>mendacio,</strong></span> <span class='ocrx_word' id='word_1_89' title='bbox 590 1336 676 1417; x_wconf 93' lang='lat' dir='ltr'><strong>quod</strong></span> <span class='ocrx_word' id='word_1_90' title='bbox 699 1335 739 1401; x_wconf 91' lang='lat' dir='ltr'><strong>de</strong></span> <span class='ocrx_word' id='word_1_91' title='bbox 763 1337 888 1421; x_wconf 83' lang='lat' dir='ltr'><strong>hospite</strong></span> <span class='ocrx_word' id='word_1_92' title='bbox 911 1339 1050 1422; x_wconf 78' lang='lat' dir='ltr'><strong>Ephesio</strong></span> <span class='ocrx_word' id='word_1_93' title='bbox 1074 1362 1216 1424; x_wconf 88' lang='lat' dir='ltr'><strong>auroque</strong></span> <span class='ocrx_word' id='word_1_94' title='bbox 1238 1343 1283 1409; x_wconf 93' lang='lat' dir='ltr'><strong>ibi</strong></span> 
     </span>
     <span class='ocr_line' id='line_1_12' title="bbox 126 1436 1282 1523; baseline 0.007 -23"><span class='ocrx_word' id='word_1_95' title='bbox 126 1436 244 1502; x_wconf 89' lang='lat' dir='ltr'><strong>relicto</strong></span> <span class='ocrx_word' id='word_1_96' title='bbox 260 1436 402 1521; x_wconf 85' lang='lat' dir='ltr'><strong>dixisset,</strong></span> <span class='ocrx_word' id='word_1_97' title='bbox 427 1460 490 1523; x_wconf 91' lang='lat' dir='ltr'><strong>quo</strong></span> <span class='ocrx_word' id='word_1_98' title='bbox 513 1438 680 1504; x_wconf 92' lang='lat' dir='ltr'><strong>mendacio</strong></span> <span class='ocrx_word' id='word_1_99' title='bbox 703 1438 828 1520; x_wconf 86' lang='lat' dir='ltr'><strong>signum</strong></span> <span class='ocrx_word' id='word_1_100' title='bbox 852 1439 944 1519; x_wconf 89' lang='lat' dir='ltr'><strong>quasi</strong></span> <span class='ocrx_word' id='word_1_101' title='bbox 966 1459 1006 1505; x_wconf 88' lang='lat' dir='ltr'><strong>ex</strong></span> <span class='ocrx_word' id='word_1_102' title='bbox 1030 1460 1102 1509; x_wconf 88' lang='lat' dir='ltr'><strong>arce</strong></span> <span class='ocrx_word' id='word_1_103' title='bbox 1123 1442 1188 1509; x_wconf 91' lang='lat' dir='ltr'><strong>iam</strong></span> <span class='ocrx_word' id='word_1_104' title='bbox 1211 1444 1282 1510; x_wconf 90' lang='lat' dir='ltr'><strong>abs-</strong></span> 
     </span>
     <span class='ocr_line' id='line_1_13' title="bbox 127 1536 1281 1629; baseline 0.006 -27"><span class='ocrx_word' id='word_1_105' title='bbox 127 1536 244 1604; x_wconf 90' lang='lat' dir='ltr'><strong>tulisse</strong></span> <span class='ocrx_word' id='word_1_106' title='bbox 260 1539 321 1604; x_wconf 90' lang='lat' dir='ltr'><strong>sibi</strong></span> <span class='ocrx_word' id='word_1_107' title='bbox 336 1539 508 1623; x_wconf 87' lang='lat' dir='ltr'><strong>uideretur,</strong></span> <span class='ocrx_word' id='word_1_108' title='bbox 532 1539 692 1607; x_wconf 88' lang='lat' dir='ltr'><strong>detectum</strong></span> <span class='ocrx_word' id='word_1_109' title='bbox 715 1546 748 1604; x_wconf 91' lang='lat' dir='ltr'><strong>et</strong></span> <span class='ocrx_word' id='word_1_110' title='bbox 769 1546 898 1625; x_wconf 87' lang='lat' dir='ltr'><strong>captum</strong></span> <span class='ocrx_word' id='word_1_111' title='bbox 921 1559 1000 1606; x_wconf 89' lang='lat' dir='ltr'><strong>esse.</strong></span> <span class='ocrx_word' id='word_1_112' title='bbox 1038 1543 1163 1608; x_wconf 86' lang='lat' dir='ltr'><strong>Deinde</strong></span> <span class='ocrx_word' id='word_1_113' title='bbox 1178 1566 1208 1629; x_wconf 91' lang='lat' dir='ltr'><strong>p.</strong></span> <span class='ocrx_word' id='word_1_114' title='bbox 1230 1550 1281 1609; x_wconf 86' lang='lat'><strong>17:</strong></span> 
     </span>
     <span class='ocr_line' id='line_1_14' title="bbox 127 1640 1281 1732; baseline 0.006 -29"><span class='ocrx_word' id='word_1_115' title='bbox 127 1659 202 1703; x_wconf 90' lang='lat' dir='ltr'><strong>cum</strong></span> <span class='ocrx_word' id='word_1_116' title='bbox 224 1640 326 1705; x_wconf 84' lang='lat' dir='ltr'><strong>Troili</strong></span> <span class='ocrx_word' id='word_1_117' title='bbox 348 1646 449 1707; x_wconf 89' lang='lat' dir='ltr'><strong>morte</strong></span> <span class='ocrx_word' id='word_1_118' title='bbox 472 1641 662 1725; x_wconf 78' lang='lat' dir='ltr'><strong>Chrysalum</strong></span> <span class='ocrx_word' id='word_1_119' title='bbox 686 1661 871 1725; x_wconf 90' lang='lat' dir='ltr'><strong>comparare</strong></span> <span class='ocrx_word' id='word_1_120' title='bbox 901 1662 973 1707; x_wconf 92' lang='lat' dir='ltr'><strong>eum</strong></span> <span class='ocrx_word' id='word_1_121' title='bbox 1004 1642 1128 1732; x_wconf 93' lang='lat' dir='ltr'><strong>dolum,</strong></span> <span class='ocrx_word' id='word_1_122' title='bbox 1157 1645 1189 1709; x_wconf 92' lang='lat' dir='ltr'><strong>in</strong></span> <span class='ocrx_word' id='word_1_123' title='bbox 1218 1664 1281 1725; x_wconf 94' lang='lat' dir='ltr'><strong>quo</strong></span> 
     </span>
     <span class='ocr_line' id='line_1_15' title="bbox 127 1740 1281 1828; baseline 0.007 -24"><span class='ocrx_word' id='word_1_124' title='bbox 127 1761 202 1806; x_wconf 91' lang='lat' dir='ltr'><strong>curn</strong></span> <span class='ocrx_word' id='word_1_125' title='bbox 218 1740 289 1824; x_wconf 87' lang='lat' dir='ltr'><strong>ipso</strong></span> <span class='ocrx_word' id='word_1_126' title='bbox 311 1742 412 1807; x_wconf 90' lang='lat' dir='ltr'><strong>milite</strong></span> <span class='ocrx_word' id='word_1_127' title='bbox 435 1744 528 1825; x_wconf 84' lang='lat' dir='ltr'><strong>quasi</strong></span> <span class='ocrx_word' id='word_1_128' title='bbox 550 1744 650 1808; x_wconf 89' lang='lat' dir='ltr'><strong>altero</strong></span> <span class='ocrx_word' id='word_1_129' title='bbox 666 1742 775 1809; x_wconf 83' lang='lat' dir='ltr'><strong>Troilo</strong></span> <span class='ocrx_word' id='word_1_130' title='bbox 798 1742 827 1808; x_wconf 89' lang='lat' dir='ltr'><strong>ei</strong></span> <span class='ocrx_word' id='word_1_131' title='bbox 851 1742 1083 1828; x_wconf 84' lang='lat' dir='ltr'><strong>confligendum</strong></span> <span class='ocrx_word' id='word_1_132' title='bbox 1106 1746 1209 1812; x_wconf 89' lang='lat' dir='ltr'><strong>fuerit.</strong></span> <span class='ocrx_word' id='word_1_133' title='bbox 1243 1747 1281 1812; x_wconf 92' lang='lat' dir='ltr'><strong>Iu</strong></span> 
     </span>
     <span class='ocr_line' id='line_1_16' title="bbox 125 1841 1280 1927; baseline 0.005 -21"><span class='ocrx_word' id='word_1_134' title='bbox 125 1841 275 1907; x_wconf 89' lang='lat' dir='ltr'><strong>uersibus</strong></span> <span class='ocrx_word' id='word_1_135' title='bbox 305 1848 412 1908; x_wconf 90' lang='lat' dir='ltr'><strong>autem</strong></span> <span class='ocrx_word' id='word_1_136' title='bbox 440 1847 613 1927; x_wconf 71' lang='grc'>961966,</span> <span class='ocrx_word' id='word_1_137' title='bbox 646 1844 700 1925; x_wconf 91' lang='lat' dir='ltr'><strong>qui</strong></span> <span class='ocrx_word' id='word_1_138' title='bbox 727 1845 828 1911; x_wconf 89' lang='lat' dir='ltr'><strong>eiecto</strong></span> <span class='ocrx_word' id='word_1_139' title='bbox 852 1865 880 1910; x_wconf 90' lang='lat' dir='ltr'><strong>u.</strong></span> <span class='ocrx_word' id='word_1_140' title='bbox 905 1849 964 1909; x_wconf 88' lang='grc'><strong>961</strong></span> <span class='ocrx_word' id='word_1_141' title='bbox 997 1852 1027 1913; x_wconf 88' lang='lat' dir='ltr'><strong>et</strong></span> <span class='ocrx_word' id='word_1_142' title='bbox 1056 1846 1186 1912; x_wconf 90' lang='lat' dir='ltr'><strong>remotis</strong></span> <span class='ocrx_word' id='word_1_143' title='bbox 1216 1845 1280 1912; x_wconf 91' lang='lat' dir='ltr'><strong>illis</strong></span> 
     </span>
     <span class='ocr_line' id='line_1_17' title="bbox 126 1945 1280 2030; baseline 0.008 -24"><span class='ocrx_word' id='word_1_144' title='bbox 126 1945 299 2007; x_wconf 72' lang='lat' dir='ltr'><strong>esa-965</strong></span> <span class='ocrx_word' id='word_1_145' title='bbox 324 1963 394 2008; x_wconf 87' lang='lat' dir='ltr'><strong>seso</strong></span> <span class='ocrx_word' id='word_1_146' title='bbox 417 1945 595 2028; x_wconf 90' lang='lat' dir='ltr'><strong>excipiunt,</strong></span> <span class='ocrx_word' id='word_1_147' title='bbox 625 1965 696 2011; x_wconf 90' lang='lat' dir='ltr'><strong>curn</strong></span> <span class='ocrx_word' id='word_1_148' title='bbox 719 1946 854 2012; x_wconf 93' lang='lat' dir='ltr'><strong>alterum</strong></span> <span class='ocrx_word' id='word_1_149' title='bbox 873 1958 948 2030; x_wconf 78' lang='lat' dir='ltr'><strong>post</strong></span> <span class='ocrx_word' id='word_1_150' title='bbox 970 1949 1057 2014; x_wconf 91' lang='lat' dir='ltr'><strong>nullo</strong></span> <span class='ocrx_word' id='word_1_151' title='bbox 1084 1948 1179 2018; x_wconf 92' lang='lat' dir='ltr'><strong>modo</strong></span> <span class='ocrx_word' id='word_1_152' title='bbox 1202 1950 1280 2015; x_wconf 89' lang='lat' dir='ltr'><strong>tole-</strong></span> 
     </span>
     <span class='ocr_line' id='line_1_18' title="bbox 129 2043 552 2130; baseline 0.005 -21"><span class='ocrx_word' id='word_1_153' title='bbox 129 2043 196 2110; x_wconf 90' lang='lat' dir='ltr'><strong>rari</strong></span> <span class='ocrx_word' id='word_1_154' title='bbox 219 2045 330 2129; x_wconf 87' lang='lat' dir='ltr'><strong>possit,</strong></span> <span class='ocrx_word' id='word_1_155' title='bbox 354 2045 480 2130; x_wconf 86' lang='lat' dir='ltr'><strong>reponit</strong></span> <span class='ocrx_word' id='word_1_156' title='bbox 501 2047 552 2111; x_wconf 81' lang='lat' dir='ltr'><strong>ibi.</strong></span> 
     </span>
    </p>

    <p class='ocr_par' dir='ltr' id='par_1_3' title="bbox 127 2146 1279 2333">
     <span class='ocr_line' id='line_1_19' title="bbox 214 2146 1279 2232; baseline 0.007 -23"><span class='ocrx_word' id='word_1_157' title='bbox 214 2146 276 2210; x_wconf 91' lang='lat' dir='ltr'><strong>Hic</strong></span> <span class='ocrx_word' id='word_1_158' title='bbox 297 2147 393 2229; x_wconf 84' lang='lat' dir='ltr'><strong>igitur</strong></span> <span class='ocrx_word' id='word_1_159' title='bbox 416 2154 464 2213; x_wconf 90' lang='lat' dir='ltr'><strong>est</strong></span> <span class='ocrx_word' id='word_1_160' title='bbox 491 2168 531 2214; x_wconf 91' lang='lat' dir='ltr'><strong>ex</strong></span> <span class='ocrx_word' id='word_1_161' title='bbox 554 2147 739 2228; x_wconf 83' lang='lat' dir='ltr'><strong>Kiesslingii</strong></span> <span class='ocrx_word' id='word_1_162' title='bbox 767 2149 951 2214; x_wconf 79' lang='lat' dir='ltr'><strong>recensione</strong></span> <span class='ocrx_word' id='word_1_163' title='bbox 980 2149 1187 2232; x_wconf 85' lang='lat' dir='ltr'><strong>genuinorum</strong></span> <span class='ocrx_word' id='word_1_164' title='bbox 1210 2172 1279 2216; x_wconf 87' lang='lat' dir='ltr'><strong>uer-</strong></span> 
     </span>
     <span class='ocr_line' id='line_1_20' title="bbox 127 2246 1087 2333; baseline 0.005 -21"><span class='ocrx_word' id='word_1_165' title='bbox 127 2268 219 2312; x_wconf 91' lang='lat' dir='ltr'><strong>suum</strong></span> <span class='ocrx_word' id='word_1_166' title='bbox 243 2249 275 2313; x_wconf 93' lang='lat' dir='ltr'><strong>in</strong></span> <span class='ocrx_word' id='word_1_167' title='bbox 300 2246 540 2333; x_wconf 87' lang='lat' dir='ltr'><strong>quadripertito,</strong></span> <span class='ocrx_word' id='word_1_168' title='bbox 563 2254 597 2314; x_wconf 90' lang='lat' dir='ltr'><strong>ut</strong></span> <span class='ocrx_word' id='word_1_169' title='bbox 619 2248 667 2314; x_wconf 93' lang='lat' dir='ltr'><strong>illi</strong></span> <span class='ocrx_word' id='word_1_170' title='bbox 690 2248 823 2332; x_wconf 91' lang='lat' dir='ltr'><strong>uidetur,</strong></span> <span class='ocrx_word' id='word_1_171' title='bbox 847 2251 969 2316; x_wconf 89' lang='lat' dir='ltr'><strong>cantico</strong></span> <span class='ocrx_word' id='word_1_172' title='bbox 993 2251 1087 2317; x_wconf 89' lang='lat' dir='ltr'><strong>ordo:</strong></span> 
     </span>
    </p>

    <p class='ocr_par' dir='ltr' id='par_1_4' title="bbox 449 2351 877 2416">
     <span class='ocr_line' id='line_1_21' title="bbox 449 2351 877 2416; baseline 0.007 -3"><span class='ocrx_word' id='word_1_173' title='bbox 449 2351 473 2415; x_wconf 91' lang='lat' dir='ltr'><strong>l.</strong></span> <span class='ocrx_word' id='word_1_174' title='bbox 497 2352 675 2415; x_wconf 75' lang='lat' dir='ltr'><strong>saa-930.</strong></span> <span class='ocrx_word' id='word_1_175' title='bbox 699 2353 877 2416; x_wconf 79' lang='lat'><strong>932—934.</strong></span> 
     </span>
    </p>

    <p class='ocr_par' dir='ltr' id='par_1_5' title="bbox 432 2451 675 2516">
     <span class='ocr_line' id='line_1_22' title="bbox 432 2451 675 2516; baseline 0 -1"><span class='ocrx_word' id='word_1_176' title='bbox 432 2451 472 2516; x_wconf 94' lang='lat' dir='ltr'><strong>Il.</strong></span> <span class='ocrx_word' id='word_1_177' title='bbox 496 2454 675 2516; x_wconf 78' lang='lat'>935-944.</span> 
     </span>
    </p>

    <p class='ocr_par' dir='ltr' id='par_1_6' title="bbox 415 2552 969 2620">
     <span class='ocr_line' id='line_1_23' title="bbox 415 2552 969 2620; baseline 0.009 -6"><span class='ocrx_word' id='word_1_178' title='bbox 415 2552 470 2618; x_wconf 90' lang='lat' dir='ltr'><strong>Ill.</strong></span> <span class='ocrx_word' id='word_1_179' title='bbox 494 2554 672 2616; x_wconf 75' lang='lat' dir='ltr'><strong>eoa-958.</strong></span> <span class='ocrx_word' id='word_1_180' title='bbox 697 2555 874 2618; x_wconf 80' lang='grc'>962-965.</span> <span class='ocrx_word' id='word_1_181' title='bbox 898 2557 969 2620; x_wconf 83' lang='grc'>959.</span> 
     </span>
    </p>

    <p class='ocr_par' dir='ltr' id='par_1_7' title="bbox 123 2653 1276 3448">
     <span class='ocr_line' id='line_1_24' title="bbox 417 2653 768 2726; baseline 0.006 -8"><span class='ocrx_word' id='word_1_182' title='bbox 417 2653 470 2718; x_wconf 92' lang='lat' dir='ltr'><strong>IV.</strong></span> <span class='ocrx_word' id='word_1_183' title='bbox 495 2656 567 2726; x_wconf 76' lang='lat'><strong>960.</strong></span> <span class='ocrx_word' id='word_1_184' title='bbox 590 2655 768 2719; x_wconf 77' lang='lat' dir='ltr'><strong>aco-978.</strong></span> 
     </span>
     <span class='ocr_line' id='line_1_25' title="bbox 125 2753 1276 2837; baseline 0.004 -21"><span class='ocrx_word' id='word_1_185' title='bbox 125 2753 184 2832; x_wconf 80' lang='lat' dir='ltr'><strong>Qui</strong></span> <span class='ocrx_word' id='word_1_186' title='bbox 207 2754 312 2837; x_wconf 91' lang='lat' dir='ltr'><strong>primo</strong></span> <span class='ocrx_word' id='word_1_187' title='bbox 336 2754 447 2820; x_wconf 91' lang='lat' dir='ltr'><strong>obtutu</strong></span> <span class='ocrx_word' id='word_1_188' title='bbox 470 2753 646 2837; x_wconf 82' lang='lat' dir='ltr'><strong>perlegenti</strong></span> <span class='ocrx_word' id='word_1_189' title='bbox 672 2754 761 2819; x_wconf 90' lang='lat' dir='ltr'><strong>haud</strong></span> <span class='ocrx_word' id='word_1_190' title='bbox 787 2755 882 2821; x_wconf 91' lang='lat' dir='ltr'><strong>mirer</strong></span> <span class='ocrx_word' id='word_1_191' title='bbox 910 2774 988 2820; x_wconf 90' lang='lat' dir='ltr'><strong>sane</strong></span> <span class='ocrx_word' id='word_1_192' title='bbox 1017 2756 1044 2819; x_wconf 91' lang='lat' dir='ltr'><strong>si</strong></span> <span class='ocrx_word' id='word_1_193' title='bbox 1073 2757 1276 2821; x_wconf 90' lang='lat' dir='ltr'><strong>uehementer</strong></span> 
     </span>
     <span class='ocr_line' id='line_1_26' title="bbox 125 2854 1274 2939; baseline 0.002 -20"><span class='ocrx_word' id='word_1_194' title='bbox 125 2855 283 2920; x_wconf 87' lang='lat' dir='ltr'><strong>adriserit.</strong></span> <span class='ocrx_word' id='word_1_195' title='bbox 328 2854 486 2938; x_wconf 85' lang='lat' dir='ltr'><strong>Equidem</strong></span> <span class='ocrx_word' id='word_1_196' title='bbox 510 2875 587 2920; x_wconf 91' lang='lat' dir='ltr'><strong>uero</strong></span> <span class='ocrx_word' id='word_1_197' title='bbox 609 2855 736 2937; x_wconf 84' lang='lat' dir='ltr'><strong>cognita</strong></span> <span class='ocrx_word' id='word_1_198' title='bbox 757 2854 843 2921; x_wconf 91' lang='lat' dir='ltr'><strong>illius</strong></span> <span class='ocrx_word' id='word_1_199' title='bbox 866 2855 1114 2922; x_wconf 89' lang='lat' dir='ltr'><strong>reconcinnandi</strong></span> <span class='ocrx_word' id='word_1_200' title='bbox 1143 2855 1274 2939; x_wconf 89' lang='lat' dir='ltr'><strong>ratione,</strong></span> 
     </span>
     <span class='ocr_line' id='line_1_27' title="bbox 125 2956 1275 3044; baseline 0.001 -22"><span class='ocrx_word' id='word_1_201' title='bbox 125 2977 217 3038; x_wconf 90' lang='lat' dir='ltr'><strong>quam</strong></span> <span class='ocrx_word' id='word_1_202' title='bbox 235 2956 366 3023; x_wconf 92' lang='lat' dir='ltr'><strong>minime</strong></span> <span class='ocrx_word' id='word_1_203' title='bbox 381 2957 492 3038; x_wconf 84' lang='lat' dir='ltr'><strong>ignoro</strong></span> <span class='ocrx_word' id='word_1_204' title='bbox 503 2956 662 3044; x_wconf 83' lang='lat' dir='ltr'><strong>leniorem</strong></span> <span class='ocrx_word' id='word_1_205' title='bbox 678 2976 750 3022; x_wconf 88' lang='lat' dir='ltr'><strong>mea</strong></span> <span class='ocrx_word' id='word_1_206' title='bbox 765 2956 877 3040; x_wconf 91' lang='lat' dir='ltr'><strong>uideri,</strong></span> <span class='ocrx_word' id='word_1_207' title='bbox 901 2977 955 3022; x_wconf 92' lang='lat' dir='ltr'><strong>cur</strong></span> <span class='ocrx_word' id='word_1_208' title='bbox 977 2977 1040 3022; x_wconf 93' lang='lat' dir='ltr'><strong>non</strong></span> <span class='ocrx_word' id='word_1_209' title='bbox 1063 2957 1275 3042; x_wconf 85' lang='lat' dir='ltr'><strong>adstipulatus</strong></span> 
     </span>
     <span class='ocr_line' id='line_1_28' title="bbox 123 3057 1275 3143; baseline 0.003 -21"><span class='ocrx_word' id='word_1_210' title='bbox 123 3058 170 3123; x_wconf 92' lang='lat' dir='ltr'><strong>illi</strong></span> <span class='ocrx_word' id='word_1_211' title='bbox 192 3059 293 3124; x_wconf 91' lang='lat' dir='ltr'><strong>missa</strong></span> <span class='ocrx_word' id='word_1_212' title='bbox 314 3058 460 3138; x_wconf 84' lang='lat' dir='ltr'><strong>fecerim,</strong></span> <span class='ocrx_word' id='word_1_213' title='bbox 490 3077 573 3140; x_wconf 89' lang='lat' dir='ltr'><strong>quae</strong></span> <span class='ocrx_word' id='word_1_214' title='bbox 595 3057 663 3141; x_wconf 91' lang='lat' dir='ltr'><strong>ipse</strong></span> <span class='ocrx_word' id='word_1_215' title='bbox 691 3076 786 3142; x_wconf 92' lang='lat' dir='ltr'><strong>supra</strong></span> <span class='ocrx_word' id='word_1_216' title='bbox 815 3058 1002 3143; x_wconf 83' lang='lat' dir='ltr'><strong>explanari,</strong></span> <span class='ocrx_word' id='word_1_217' title='bbox 1031 3058 1065 3124; x_wconf 93' lang='lat' dir='ltr'><strong>in</strong></span> <span class='ocrx_word' id='word_1_218' title='bbox 1094 3060 1275 3126; x_wconf 91' lang='lat' dir='ltr'><strong>uniuersum</strong></span> 
     </span>
     <span class='ocr_line' id='line_1_29' title="bbox 124 3157 1276 3241; baseline 0.006 -19"><span class='ocrx_word' id='word_1_219' title='bbox 124 3157 502 3241; x_wconf 78' lang='lat' dir='ltr'><strong>iam§14significaui:</strong></span> <span class='ocrx_word' id='word_1_220' title='bbox 533 3159 587 3223; x_wconf 92' lang='lat' dir='ltr'><strong>ubi</strong></span> <span class='ocrx_word' id='word_1_221' title='bbox 616 3177 678 3222; x_wconf 93' lang='lat' dir='ltr'><strong>non</strong></span> <span class='ocrx_word' id='word_1_222' title='bbox 705 3157 839 3224; x_wconf 89' lang='lat' dir='ltr'><strong>calidius</strong></span> <span class='ocrx_word' id='word_1_223' title='bbox 868 3181 918 3226; x_wconf 90' lang='lat' dir='ltr'><strong>me</strong></span> <span class='ocrx_word' id='word_1_224' title='bbox 948 3160 987 3225; x_wconf 88' lang='lat' dir='ltr'><strong>de</strong></span> <span class='ocrx_word' id='word_1_225' title='bbox 1010 3159 1070 3225; x_wconf 89' lang='lat' dir='ltr'><strong>uiri</strong></span> <span class='ocrx_word' id='word_1_226' title='bbox 1100 3161 1276 3229; x_wconf 83' lang='lat' dir='ltr'><strong>doctissimi</strong></span> 
     </span>
     <span class='ocr_line' id='line_1_30' title="bbox 125 3258 1274 3347; baseline 0.004 -22"><span class='ocrx_word' id='word_1_227' title='bbox 125 3260 399 3327; x_wconf 86' lang='lat' dir='ltr'><strong>lucubrationibus</strong></span> <span class='ocrx_word' id='word_1_228' title='bbox 414 3258 567 3325; x_wconf 88' lang='lat' dir='ltr'><strong>iudicium</strong></span> <span class='ocrx_word' id='word_1_229' title='bbox 582 3259 696 3324; x_wconf 86' lang='lat' dir='ltr'><strong>fecisse</strong></span> <span class='ocrx_word' id='word_1_230' title='bbox 710 3279 803 3344; x_wconf 86' lang='lat' dir='ltr'><strong>spero</strong></span> <span class='ocrx_word' id='word_1_231' title='bbox 820 3283 894 3329; x_wconf 91' lang='lat' dir='ltr'><strong>mox</strong></span> <span class='ocrx_word' id='word_1_232' title='bbox 911 3267 1112 3347; x_wconf 88' lang='lat' dir='ltr'><strong>perspectum</strong></span> <span class='ocrx_word' id='word_1_233' title='bbox 1130 3262 1178 3344; x_wconf 87' lang='lat' dir='ltr'><strong>iri,</strong></span> <span class='ocrx_word' id='word_1_234' title='bbox 1203 3282 1274 3330; x_wconf 92' lang='lat' dir='ltr'><strong>cum</strong></span> 
     </span>
     <span class='ocr_line' id='line_1_31' title="bbox 124 3359 1199 3448; baseline 0.003 -21"><span class='ocrx_word' id='word_1_235' title='bbox 124 3360 357 3445; x_wconf 86' lang='lat' dir='ltr'><strong>praetermissis</strong></span> <span class='ocrx_word' id='word_1_236' title='bbox 379 3359 552 3426; x_wconf 90' lang='lat' dir='ltr'><strong>leuioribus</strong></span> <span class='ocrx_word' id='word_1_237' title='bbox 574 3360 633 3426; x_wconf 88' lang='lat' dir='ltr'><strong>has</strong></span> <span class='ocrx_word' id='word_1_238' title='bbox 654 3359 840 3428; x_wconf 92' lang='lat' dir='ltr'><strong>indicauero</strong></span> <span class='ocrx_word' id='word_1_239' title='bbox 862 3362 1054 3448; x_wconf 84' lang='lat' dir='ltr'><strong>principales</strong></span> <span class='ocrx_word' id='word_1_240' title='bbox 1077 3383 1199 3430; x_wconf 90' lang='lat' dir='ltr'><strong>causas.</strong></span> 
     </span>
    </p>

    <p class='ocr_par' dir='ltr' id='par_1_8' title="bbox 207 3463 1274 3550">
     <span class='ocr_line' id='line_1_32' title="bbox 207 3463 1274 3550; baseline 0.006 -23"><span class='ocrx_word' id='word_1_241' title='bbox 207 3465 256 3528; x_wconf 88' lang='lat' dir='ltr'><strong>Ac</strong></span> <span class='ocrx_word' id='word_1_242' title='bbox 271 3463 408 3547; x_wconf 91' lang='lat' dir='ltr'><strong>primum</strong></span> <span class='ocrx_word' id='word_1_243' title='bbox 423 3465 539 3527; x_wconf 84' lang='lat' dir='ltr'><strong>frustra</strong></span> <span class='ocrx_word' id='word_1_244' title='bbox 554 3467 757 3546; x_wconf 88' lang='lat' dir='ltr'><strong>exspectatur</strong></span> <span class='ocrx_word' id='word_1_245' title='bbox 772 3466 899 3530; x_wconf 90' lang='lat' dir='ltr'><strong>tertium</strong></span> <span class='ocrx_word' id='word_1_246' title='bbox 914 3466 1023 3530; x_wconf 89' lang='lat' dir='ltr'><strong>fatum.</strong></span> <span class='ocrx_word' id='word_1_247' title='bbox 1058 3463 1181 3543; x_wconf 78' lang='lat' dir='ltr'><strong>Quodsi</strong></span> <span class='ocrx_word' id='word_1_248' title='bbox 1205 3471 1274 3550; x_wconf 91' lang='lat' dir='ltr'><strong>quis</strong></span> 
     </span>
    </p>
   </div>
   <div class='ocr_carea' id='block_1_3' title="bbox 16 3562 1273 4053">
    <p class='ocr_par' dir='ltr' id='par_1_9' title="bbox 16 3562 1273 4053">
     <span class='ocr_line' id='line_1_33' title="bbox 16 3562 1273 3656; baseline 0.004 -30"><span class='ocrx_word' id='word_1_249' title='bbox 16 3647 17 3656; x_wconf 8' lang='grc' dir='ltr'>ἵ</span> <span class='ocrx_word' id='word_1_250' title='bbox 125 3562 241 3630; x_wconf 90' lang='lat' dir='ltr'><strong>dixerit</strong></span> <span class='ocrx_word' id='word_1_251' title='bbox 266 3599 309 3608; x_wconf 88' lang='lat'><strong>-—</strong></span> <span class='ocrx_word' id='word_1_252' title='bbox 331 3563 544 3647; x_wconf 83' lang='lat' dir='ltr'><strong>Kiesslingius</strong></span> <span class='ocrx_word' id='word_1_253' title='bbox 574 3564 657 3628; x_wconf 89' lang='lat' dir='ltr'><strong>enim</strong></span> <span class='ocrx_word' id='word_1_254' title='bbox 686 3563 813 3631; x_wconf 90' lang='lat' dir='ltr'><strong>silentio</strong></span> <span class='ocrx_word' id='word_1_255' title='bbox 842 3567 925 3633; x_wconf 92' lang='lat' dir='ltr'><strong>banc</strong></span> <span class='ocrx_word' id='word_1_256' title='bbox 952 3587 1018 3632; x_wconf 91' lang='lat' dir='ltr'><strong>rem</strong></span> <span class='ocrx_word' id='word_1_257' title='bbox 1048 3570 1210 3652; x_wconf 86' lang='lat' dir='ltr'><strong>praeteriit</strong></span> <span class='ocrx_word' id='word_1_258' title='bbox 1232 3605 1273 3613; x_wconf 87' lang='lat'><em>-</em></span> 
     </span>
     <span class='ocr_line' id='line_1_34' title="bbox 124 3665 1272 3750; baseline 0.004 -22"><span class='ocrx_word' id='word_1_259' title='bbox 124 3667 249 3732; x_wconf 88' lang='lat' dir='ltr'><strong>licuisse</strong></span> <span class='ocrx_word' id='word_1_260' title='bbox 272 3671 387 3748; x_wconf 87' lang='lat' dir='ltr'><strong>poetae</strong></span> <span class='ocrx_word' id='word_1_261' title='bbox 408 3665 517 3747; x_wconf 90' lang='lat' dir='ltr'><strong>huius,</strong></span> <span class='ocrx_word' id='word_1_262' title='bbox 542 3665 718 3747; x_wconf 88' lang='lat' dir='ltr'><strong>praesentis</strong></span> <span class='ocrx_word' id='word_1_263' title='bbox 741 3665 870 3748; x_wconf 92' lang='lat' dir='ltr'><strong>quidem</strong></span> <span class='ocrx_word' id='word_1_264' title='bbox 893 3674 960 3734; x_wconf 91' lang='lat' dir='ltr'><strong>tum</strong></span> <span class='ocrx_word' id='word_1_265' title='bbox 983 3671 1138 3750; x_wconf 87' lang='lat' dir='ltr'><strong>maxime,</strong></span> <span class='ocrx_word' id='word_1_266' title='bbox 1165 3689 1272 3733; x_wconf 90' lang='lat' dir='ltr'><strong>narra-</strong></span> 
     </span>
     <span class='ocr_line' id='line_1_35' title="bbox 125 3765 1271 3852; baseline 0.003 -22"><span class='ocrx_word' id='word_1_267' title='bbox 125 3766 208 3833; x_wconf 85' lang='lat' dir='ltr'><strong>tione</strong></span> <span class='ocrx_word' id='word_1_268' title='bbox 229 3765 423 3850; x_wconf 89' lang='lat' dir='ltr'><strong>praemissa‚</strong></span> <span class='ocrx_word' id='word_1_269' title='bbox 454 3766 574 3833; x_wconf 89' lang='lat' dir='ltr'><strong>scilicet</strong></span> <span class='ocrx_word' id='word_1_270' title='bbox 597 3785 679 3847; x_wconf 91' lang='lat' dir='ltr'><strong>quae</strong></span> <span class='ocrx_word' id='word_1_271' title='bbox 703 3767 846 3834; x_wconf 90' lang='lat' dir='ltr'><strong>uersibus</strong></span> <span class='ocrx_word' id='word_1_272' title='bbox 869 3773 1038 3836; x_wconf 81' lang='grc'>935-944</span> <span class='ocrx_word' id='word_1_273' title='bbox 1066 3769 1271 3852; x_wconf 88' lang='lat' dir='ltr'><strong>contineatur,</strong></span> 
     </span>
     <span class='ocr_line' id='line_1_36' title="bbox 123 3867 1271 3954; baseline 0.002 -20"><span class='ocrx_word' id='word_1_274' title='bbox 123 3869 285 3950; x_wconf 87' lang='lat' dir='ltr'><strong>postulare</strong></span> <span class='ocrx_word' id='word_1_275' title='bbox 308 3886 328 3930; x_wconf 91' lang='lat' dir='ltr'><strong>a</strong></span> <span class='ocrx_word' id='word_1_276' title='bbox 348 3867 597 3952; x_wconf 86' lang='lat' dir='ltr'><strong>spectatoribus,</strong></span> <span class='ocrx_word' id='word_1_277' title='bbox 626 3875 660 3934; x_wconf 90' lang='lat' dir='ltr'><strong>ut</strong></span> <span class='ocrx_word' id='word_1_278' title='bbox 682 3871 858 3954; x_wconf 88' lang='lat' dir='ltr'><strong>posteriore</strong></span> <span class='ocrx_word' id='word_1_279' title='bbox 878 3873 935 3939; x_wconf 93' lang='lat' dir='ltr'><strong>illo</strong></span> <span class='ocrx_word' id='word_1_280' title='bbox 965 3874 1035 3937; x_wconf 91' lang='lat' dir='ltr'><strong>loco</strong></span> <span class='ocrx_word' id='word_1_281' title='bbox 1063 3870 1098 3934; x_wconf 93' lang='lat' dir='ltr'><strong>id</strong></span> <span class='ocrx_word' id='word_1_282' title='bbox 1126 3870 1271 3936; x_wconf 86' lang='lat' dir='ltr'><strong>recorda·</strong></span> 
     </span>
     <span class='ocr_line' id='line_1_37' title="bbox 123 3967 824 4053; baseline 0.013 -23"><span class='ocrx_word' id='word_1_283' title='bbox 123 3975 245 4034; x_wconf 90' lang='lat' dir='ltr'><strong>rentur:</strong></span> <span class='ocrx_word' id='word_1_284' title='bbox 269 3972 390 4033; x_wconf 90' lang='lat' dir='ltr'><strong>restant</strong></span> <span class='ocrx_word' id='word_1_285' title='bbox 412 3973 519 4033; x_wconf 91' lang='lat' dir='ltr'><strong>tamen</strong></span> <span class='ocrx_word' id='word_1_286' title='bbox 542 3967 603 4035; x_wconf 92' lang='lat' dir='ltr'><strong>duo</strong></span> <span class='ocrx_word' id='word_1_287' title='bbox 628 3979 824 4053; x_wconf 83' lang='lat' dir='ltr'><strong>argumenta.</strong></span> 
     </span>
    </p>
   </div>
   <div class='ocr_carea' id='block_1_4' title="bbox 0 0 1544 4748">
    <p class='ocr_par' dir='ltr' id='par_1_10' title="bbox 0 0 1544 4748">
     <span class='ocr_line' id='line_1_38' title="bbox 0 0 1544 4748; baseline 0 3"><span class='ocrx_word' id='word_1_288' title='bbox 0 0 1544 4748; x_wconf 95' lang='lat' dir='ltr'><strong> </strong></span> 
     </span>
    </p>
   </div>
  </div>
 </body>
</html>
