3080 4748
259 313 300 375 64
658 319 833 378 Guslthsrius
851 323 1022 380 Brachmann

256 490 485 578 probabuntun
515 522 557 558 a.
579 493 690 561 obelos
713 515 783 561 cum
806 502 922 580 puncto
951 496 994 558 od
1013 519 1065 574 eo,
1093 499 1133 561 de
1155 501 1261 586 quibus
1280 504 1403 569 dubria-

258 597 351 660 botur
372 595 444 658 tolli
463 595 612 660 deberent
631 617 740 680 ueeue;
765 597 789 673 )
813 599 983 682 antisigma
998 602 1230 687 appingebatur
1244 605 1282 670 iis
1303 607 1400 672 uersi-

258 699 328 782 bus,
351 718 483 782 quorum
506 698 586 763 ordo
605 699 830 783 permutandus
852 712 937 784 erut;
969 711 1066 785 atque
1085 705 1119 770 id
1142 705 1228 787 quod
1250 725 1398 773 summam

257 801 352 868 huius
374 802 580 885 quaestionis,
603 802 635 866 in
658 820 723 884 qua
744 821 916 886 uersamur,
939 803 1027 870 uelut
1049 825 1107 870 acu
1130 810 1247 892 tangit:
1277 789 1400 886 )anti-

258 901 363 989 sigma
378 924 449 970 cum
464 912 580 990 puncto
602 905 789 986 ponebatur,
812 925 892 966 curu
915 905 1085 967 ciusdem
1107 927 1243 970 seusus
1264 930 1404 972 uersus

258 1004 440 1091 duplices
460 1013 587 1066 esseut
607 1013 645 1064 et
666 1003 936 1076 dubitaretur,
960 1005 1029 1087 qui
1044 1006 1179 1085 potius
1200 1007 1405 1093 dependll),

258 1106 393 1172 Etiamsi
416 1104 499 1170 enim
521 1103 693 1186 nescimus,
723 1122 785 1186 qno
808 1112 951 1186 tempore
972 1104 1062 1187 ipsae
1083 1103 1211 1170 subulae
1233 1106 1405 1177 Plautinae

257 1213 391 1291 coeptae
406 1205 469 1270 sint
484 1203 656 1286 emendari,
673 1203 833 1287 distingui,
856 1204 999 1268 adnotari
1013 1204 1055 1284 ²):
1078 1205 1218 1272 studium
1233 1208 1366 1289 aliquod
1377 1211 1403 1294 ³)

258 1306 300 1374 ad
316 1309 464 1373 Plautum
484 1305 655 1372 contulisse
677 1305 741 1371 iam
756 1306 792 1370 L.
807 1305 934 1371 Aelium
950 1304 1114 1389 Stilonem,
1138 1307 1289 1375 Varronis
1310 1330 1400 1394 praa

258 1415 431 1492 captorem,
455 1407 552 1474 Gellii
562 1407 588 1490 ⁴)
611 1406 798 1489 uastiquer)
821 1405 1002 1473 testimonio
1025 1415 1220 1493 compertum
1237 1411 1400 1495 habemus,

258 1530 351 1593 quem
374 1509 502 1592 quidem
526 1514 650 1577 constat
678 1507 790 1574 eodem
819 1507 885 1574 lere
914 1515 1055 1592 tempore
1083 1520 1191 1577 natum
1220 1532 1309 1592 esse,
1338 1532 1400 1595 quo

257 1612 410 1679 credibile
431 1613 525 1680 estin
540 1631 686 1677 scaenam
702 1609 865 1676 reductam
886 1629 956 1676 esse
979 1631 1101 1678 musam
1117 1613 1305 1696 Plautinum,
1328 1635 1400 1681 con-

257 1714 340 1780 finiis
356 1714 501 1780 nimirum
516 1713 599 1779 sexti
613 1712 802 1797 septimique
818 1712 859 1776 ab
875 1731 903 1778 u.
921 1732 946 1777 c.
963 1715 1091 1780 saeculi.
1125 1715 1193 1781 Iam
1213 1716 1287 1782 huic
1307 1716 1400 1798 igitur

258 1814 453 1899 exemplaria
475 1813 653 1880 fabularum
676 1812 907 1896 Plautinsrum,
934 1815 1167 1898 qualiacunque
1188 1819 1330 1900 fuerunt,
1359 1815 1400 1884 ad

256 1937 383 1982 manum
398 1916 495 1981 inisse
512 1920 757 1979 consentaneum
773 1920 829 1980 est.
861 1914 1004 1981 usonem
1018 1925 1124 1982 antem
1139 1918 1270 2000 eiusque
1284 1936 1400 1999 aequa·

255 2019 304 2084 les
325 2017 388 2082 iam
411 2016 554 2101 coepisse
577 2015 693 2081 scimus
715 2016 747 2079 in
769 2016 842 2081 aliis
865 2017 1055 2098 quibusdam
1080 2018 1287 2102 scriptoribus
1315 2020 1399 2086 notis

255 2118 319 2185 illis
341 2119 457 2184 criticis
479 2116 618 2201 genuina
639 2137 660 2182 a
681 2116 796 2201 spuriis
821 2118 989 2199 dubiisque
1011 2117 1186 2186 dinoscere.

342 2219 541 2288 Credendum
561 2218 660 2303 igitur
681 2226 729 2285 est
751 2239 790 2284 ne
813 2220 1032 2300 antiquissima
1053 2220 1183 2302 quidem
1209 2223 1266 2289 illa
1294 2242 1400 2289 exem-

255 2324 359 2408 plaria
381 2321 528 2388 Plautina
548 2321 825 2403 grammaticorum
848 2321 881 2386 in
910 2341 1000 2387 usum
1029 2334 1162 2388 exarata
1190 2316 1331 2406 ἀκρίτως
1360 2347 1401 2391 ex

254 2424 441 2491 histrionum
464 2421 676 2489 uoluminibus
700 2441 739 2486 ea
760 2419 878 2488 fiducia
899 2428 1033 2489 consuta
1055 2444 1140 2506 esse,
1167 2425 1258 2508 quasi
1281 2424 1400 2492 additis

254 2526 482 2611 supplementis
497 2524 561 2589 illis
576 2543 690 2588 manca
701 2523 800 2608 ipsius
814 2531 929 2607 poetae
944 2544 1056 2590 manus
1071 2532 1324 2611 recuperaretur:
1342 2527 1401 2594 scd

254 2627 405 2693 maluisse
415 2627 488 2693 illos
499 2627 688 2710 importuna,
703 2625 873 2707 incondita,
889 2625 996 2708 dubia,
1012 2627 1137 2694 etiamsi
1149 2626 1288 2694 nondum
1302 2628 1400 2712 signis

254 2729 370 2795 criticis
386 2727 521 2813 digesta,
543 2727 575 2792 in
598 2727 721 2793 scriniis
742 2746 869 2794 seruare
892 2729 995 2795 futuro
1019 2727 1243 2810 distinguenda
1261 2730 1399 2812 negotio,

255 2848 351 2912 quam
365 2830 418 2895 uel
438 2847 534 2895 unam
557 2829 704 2895 uooulam
726 2828 859 2896 sortasse
882 2831 1030 2897 aPlauto
1053 2832 1225 2912 prolectam
1249 2829 1400 2911 deleress).

255 2932 351 2998 Cuius
366 2929 494 3012 quidem
509 2931 674 2996 modestae
689 2931 820 2996 rationis
835 2951 953 3012 magna
966 2931 1031 2994 illis
1047 2929 1196 2994 habenda
1218 2935 1267 2994 est
1286 2931 1400 3013 gratia.

254 3067 457 3080 ...1—-u——t-

342 3137 365 3197 1)
382 3130 425 3185 De
441 3129 493 3183 huc
511 3130 570 3182 tota
586 3143 616 3182 re
634 3127 695 3182 uide
707 3127 851 3195 Bergidum
868 3127 884 3182 l.
897 3126 915 3180 l.
928 3143 954 3196 p.
971 3131 1110 3194 169-131,
1128 3125 1165 3182 M.
1180 3125 1319 3181 Hertzium
1336 3128 1399 3184 ibid.

253 3233 280 3286 p.
290 3220 417 3283 aaa-98,
435 3211 682 3267 Reifferscheidium
699 3211 727 3264 in
745 3211 830 3280 primo
845 3212 1037 3280 Quaestionum
1050 3212 1159 3271 Sueten.
1174 3213 1262 3282 eapite
1275 3212 1400 3268 editionis

254 3318 280 3370 p.
292 3304 442 3367 419-421,
461 3299 491 3353 0.
509 3295 688 3351 Ribbeckium
706 3296 733 3349 in
751 3295 946 3364 prolegomenis
964 3298 1024 3352 erit.
1041 3297 1076 3353 ad
1095 3297 1186 3366 vergii
1212 3315 1237 3368 p.
1261 3302 1401 3352 ras—163.

255 3385 297 3440 ad
313 3375 427 3453 graecos
445 3382 614 3453 potissimum
637 3379 782 3448 scriptores
803 3387 910 3450 spectat
928 3382 1071 3437 Schraderi
1094 3382 1248 3438 dissertatio
1271 3381 1305 3436 de
1322 3387 1400 3436 nolu·

254 3471 326 3524 tione
341 3469 446 3524 ultien.

304 3570 310 3577 ’
340 3557 364 3618 2)
385 3552 424 3608 Gt.
444 3551 621 3606 Ritschelium
645 3549 716 3604 Mus.
734 3549 820 3603 Rhea.
840 3557 860 3603 t.
876 3550 915 3604 IV
932 3557 966 3613 (a.
988 3556 1062 3615 1646)
1084 3569 1110 3621 p.
1130 3557 1179 3607 509
1197 3577 1232 3597 =
1249 3565 1341 3619 opusc.
1360 3550 1400 3603 111

254 3657 280 3710 p.
301 3645 348 3694 447
368 3636 445 3702 uda,
469 3635 587 3690 eiusdem
605 3634 798 3704 Prolegomene
815 3634 850 3688 ad
867 3634 957 3688 Plauti
976 3635 1127 3691 comoedias
1144 3651 1171 3704 p.
1191 3637 1238 3697 67,
1256 3634 1325 3690 Nou.
1344 3635 1401 3688 Ex·

254 3741 325 3781 curs.
348 3740 376 3794 p.
397 3726 493 3789 llbsq.

340 3812 365 3874 3)
384 3805 424 3860 cf.
443 3803 570 3858 Ritschel.
590 3803 652 3858 Par.
669 3820 695 3872 p.
708 3808 791 3873 90sq.
811 3808 861 3859 366
870 3819 909 3872 sq.

340 3899 366 3958 4)
382 3890 462 3946 Ncet.
482 3891 538 3943 att.
556 3889 720 3954 1113‚1.1n.

340 3983 365 4039 5)
384 3975 411 4030 S.
429 3991 454 4028 u.
474 3973 581 4043 vapula
597 3973 714 4042 Papiria,
733 3989 757 4042 p.
778 3977 826 4027 372
844 3972 966 4027 Mueller.

340 4064 365 4124 6)
385 4059 423 4113 ef.
443 4057 537 4113 Goetz.
555 4059 571 4112 l.
590 4059 607 4112 l.
627 4073 654 4126 p.
668 4061 766 4127 275sq.
