3080 4748
348 330 390 387 De
407 331 576 388 Bacchidum
592 332 736 389 Plautinae
753 336 947 392 retractatione
964 340 1098 396 scaenica.
1253 339 1292 401 83

228 503 335 570 Unum
357 507 457 569 restat
478 502 512 568 in
532 501 594 569 hac
623 505 728 588 priore
757 523 893 585 scaenae
920 516 1021 593 parte.
1065 511 1182 580 Versus
1212 515 1295 580 enim

140 609 205 672 506
229 626 300 673 cum
322 603 438 672 iisdem
459 605 526 672 fero
548 605 655 673 uerbis
678 606 789 673 redeat
811 614 883 691 post
906 630 934 676 u.
952 614 1012 677 863
1027 610 1066 697 ¹):

371 753 448 808 Faxo
466 768 496 808 se
513 755 568 809 hou
588 755 662 810 diost
679 759 815 821 nanctam,
835 757 915 824 quem
933 758 1062 827 derideat,

141 896 293 978 quoniam
315 893 382 961 illio
405 890 519 960 deesse
540 893 628 958 nullo
650 898 745 977 pacto
774 900 896 977 potest,
926 895 978 962 hic
1007 916 1071 962 non
1100 901 1202 966 solum
1231 923 1295 970 non

140 1015 239 1078 aegre
261 994 478 1078 desideratur,
507 992 564 1058 sed
588 1000 719 1078 propter
743 996 940 1062 consimilem
970 1017 1080 1064 uersus
1104 1002 1202 1084 515²)
1225 1022 1293 1069 sen-

140 1097 273 1163 tentiam
296 1083 337 1142 '-
360 1096 564 1178 nequeenim
585 1095 646 1178 huc
669 1096 786 1180 ualere,
810 1097 896 1188 quod
918 1118 1015 1183 supra
1037 1098 1079 1167 de
1100 1103 1294 1187 repetitioni-

95 1197 103 1203 ’
138 1200 201 1266 bus
225 1196 456 1281 monuerimus,
480 1197 629 1264 continuo
651 1199 820 1282 apparebit
842 1188 891 1244 -’
907 1220 947 1265 ne
963 1201 1041 1266 satis
1057 1201 1185 1282 quidem
1201 1212 1295 1289 aptus

139 1320 213 1368 esse
236 1301 370 1383 uidetur,
396 1291 608 1384 suspicionem
632 1306 747 1365 mouet.
787 1299 870 1378 Quid
893 1308 1000 1368 autem
1024 1324 1075 1370 mc
1098 1303 1203 1371 iudice
1225 1327 1293 1372 rem

141 1400 289 1468 conficiat
302 1401 367 1467 iam
383 1400 534 1484 aperiam.
550 1469 554 1478 ,
569 1401 653 1467 Nam
668 1401 743 1466 inde
759 1421 779 1466 a
793 1423 823 1467 u.
842 1406 902 1466 503
924 1402 957 1466 in
973 1403 1107 1488 singulis
1123 1408 1295 1474 enuntiatis

138 1502 222 1571 redit
238 1503 477 1586 elegantissima
491 1502 558 1586 illa,
582 1522 678 1585 quam
698 1503 933 1588 descripsimus,
957 1505 1108 1573 orationis
1130 1507 1295 1592 inopinata

138 1607 172 1672 in
190 1605 380 1672 contrariam
396 1608 519 1690 partem
541 1605 723 1670 conuersio:
748 1604 850 1686 quid?
873 1625 943 1669 cum
967 1604 1018 1671 hic
1041 1626 1120 1672 unus
1143 1628 1252 1675 uersus
1274 1631 1297 1676 a

139 1707 336 1789 reliquorum
357 1704 517 1772 communi
539 1704 713 1772 iestiuitate
735 1706 925 1789 abhorreat,
954 1728 1029 1773 num
1051 1707 1214 1775 dubitabis
1236 1731 1295 1796 pro

139 1809 213 1875 loco
228 1809 383 1894 parallelo
398 1828 471 1874 oum
488 1807 611 1873 habere
633 1806 793 1893 adscripto
817 1829 837 1873 a
858 1809 1067 1891 grammatico
1089 1810 1196 1878 nescio
1219 1831 1292 1895 quo,

139 1909 194 1993 qui
217 1910 390 1994 legentium
412 1909 536 1976 animos
559 1909 602 1976 ad
623 1911 831 1993 posteriorem
853 1911 944 1977 illum
974 1913 1079 1979 lo'cum
1109 1920 1293 1980 conuertere

138 2128 206 2183 tium
220 2129 249 2183 in
262 2127 375 2198 Ephcm.
390 2126 441 2181 litt.
459 2127 578 2195 Gotting.
594 2141 617 2180 a.
631 2131 694 2182 ista
711 2131 780 2195 part.
793 2131 834 2180 lc.
863 2127 1006 2182 Consimile
1024 2134 1115 2184 autem
1133 2132 1293 2199 exemplum,

138 2213 192 2268 nisi
205 2211 276 2280 quod
287 2213 457 2282 permutatae
467 2211 539 2266 inter
556 2227 585 2266 se
603 2211 730 2265 uidentur
748 2211 891 2281 utriusque
909 2212 1074 2267 recensionis
1091 2219 1192 2282 partes,
1210 2215 1293 2284 paulo

138 2305 201 2367 post
213 2297 297 2352 habes
309 2298 434 2352 uersibus
448 2300 591 2351 tlt-519.
620 2295 740 2363 Quorum
756 2312 817 2351 cum
833 2296 951 2365 genuino
969 2295 1105 2365 scriptura
1123 2297 1191 2353 haec
1209 2298 1294 2354 fuisse

137 2382 277 2438 uideatur.
379 2448 465 2518 Igimr
482 2449 518 2502 mi
534 2448 608 2503 inani
626 2453 707 2517 atque
725 2446 800 2517 inopi
817 2447 1038 2504 subblandibitur

378 2534 449 2588 Tum
467 2536 547 2602 quom
565 2532 681 2587 blandiri
699 2532 780 2588 nihilo
797 2533 883 2602 pluris
901 2532 1010 2600 referet,

379 2619 466 2686 Quam
484 2618 507 2671 si
523 2615 558 2672 ui
575 2617 730 2686 sepulcrum
748 2620 855 2672 mortuo
874 2618 968 2674 names
986 2619 1070 2686 logos,

137 2717 204 2773 milti
221 2719 321 2774 uocula
339 2722 484 2792 postquam
502 2720 529 2774 in
547 2717 695 2774 secundum
717 2732 827 2772 uersum
851 2719 909 2773 siue
932 2720 1086 2788 interpretis
1109 2721 1182 2774 mala
1203 2723 1292 2790 opella

137 2803 197 2858 siue
214 2803 330 2858 fortuita
353 2804 452 2872 prioris
476 2819 571 2860 uersus
595 2804 783 2859 recordatione
806 2803 934 2866 intrauit,
957 2805 984 2856 in
1003 2803 1071 2857 Poll.
1091 2805 1197 2872 expulsi
1214 2806 1291 2860 blan·

136 2889 194 2942 diri
210 2887 299 2942 locum
311 2888 458 2956 occupauit
475 2894 546 2954 (cum
562 2887 632 2942 milti
639 2888 744 2958 llnibilo
757 2903 819 2942 cum
829 2889 911 2946 unius
923 2886 974 2941 litt.
987 2902 1040 2941 ras.
1059 2887 1144 2943 Vetus
1157 2889 1290 2955 exhibettz

136 2975 166 3028 in
177 2974 202 3027 A
216 2989 277 3028 eum
289 2978 352 3043 post
362 2973 454 3044 pluris
471 2973 562 3028 sedem
574 2973 626 3028 sibi
638 2973 811 3036 uindicasset‚
828 2971 981 3039 grauiorem
1000 2973 1182 3042 corruptelam
1200 2989 1292 3029 secum

135 3058 230 3113 traxit.
256 3058 352 3128 Neque
363 3058 434 3112 enim
446 3057 539 3113 dubito
553 3060 617 3128 quin
632 3058 747 3114 seruatis
766 3057 888 3112 omnibus
906 3071 976 3126 quae
994 3057 1094 3113 tradita
1112 3063 1189 3112 erunt
1205 3060 1290 3116 metro

137 3141 239 3197 mederi
257 3142 309 3197 sibi
326 3142 403 3198 uisrm
421 3143 458 3198 sit
474 3144 610 3211 librarius,
628 3159 688 3197 cum
706 3143 774 3196 haec
792 3145 930 3196 exararet:

364 3239 1055 3298 mmoucnumppoenunrsnpsmnssnpnmsrnnn

136 3310 238 3382 quippe
254 3311 300 3387 cui
309 3311 354 3366 uel
365 3312 466 3368 nostris
479 3312 647 3382 temporibus
663 3328 717 3368 non
732 3311 849 3366 deluerit
866 3310 999 3365 laudator.
1027 3308 1155 3364 Pessimis
1172 3312 1291 3366 numeris

136 3396 202 3450 item
219 3398 338 3451 exsultat
355 3397 407 3451 hoc
425 3397 454 3450 in
478 3414 504 3451 u.
523 3412 643 3466 nuperus
662 3397 756 3452 editor.
785 3396 909 3450 Ceterum
927 3392 961 3447 ci.
981 3393 1019 3448 H.·
1028 3391 1062 3448 A.
1079 3392 1215 3448 Kochium
1233 3394 1290 3451 Ind.

134 3479 237 3550 phil.V
256 3496 284 3550 p.
300 3485 333 3535 90
346 3484 374 3536 ct
386 3480 419 3536 de
432 3481 505 3536 tertii
523 3485 593 3546 (519)
611 3481 780 3550 potissimum
797 3493 892 3533 uersus
911 3477 1046 3546 scriptura
1063 3475 1138 3533 Max.
1150 3478 1290 3550 Niemeye-

134 3580 197 3619 rum
215 3563 249 3618 de
265 3565 306 3618 Pl.
323 3564 379 3620 fab.
397 3581 451 3621 rec.
469 3567 543 3635 dupl.
562 3582 590 3634 p.
609 3571 651 3620 37.

225 3651 251 3714 1)
268 3648 300 3703 ld
318 3650 391 3719 quod
412 3651 466 3704 iam
483 3650 623 3705 Acidalius
647 3645 851 3711 animaduertit,
875 3645 922 3715 qui
940 3645 1061 3703 Diuinat.
1080 3648 1109 3702 in
1127 3648 1183 3703 lab.
1199 3648 1289 3702 Pleut.

135 3751 165 3804 p.
181 3738 231 3788 208
241 3749 281 3804 sq.
299 3735 366 3790 haec
384 3734 510 3789 adnotet:
530 3729 666 3789 ‘Plautum
683 3730 760 3787 uides
778 3730 822 3785 sui
838 3730 867 3785 in
884 3729 977 3786 eadem
996 3747 1102 3802 quoque
1119 3730 1214 3785 fabula
1230 3730 1290 3787 imi·

134 3815 269 3874 tatorem?

224 3907 250 3970 2)
268 3903 327 3972 Quo
345 3918 428 3958 uersu
446 3901 588 3971 Ussingius
607 3917 667 3956 com
685 3901 814 3956 uabticii
837 3901 905 3956 uiua
928 3899 1106 3970 patrocinium
1131 3897 1289 3967 susciperet,

133 4002 292 4059 prouocans
309 3989 345 4044 sd
361 3981 460 4057 Amp'h.
479 3991 529 4042 398
548 3985 656 4054 (addere
673 3989 781 4056 poterat
798 4002 840 4041 ex.
858 4001 897 4055 gr.
916 3984 986 4039 Rud.
1006 3987 1075 4049 228),
1096 3982 1217 4039 rationes
1234 4000 1289 4040 non

134 4072 285 4144 reputauit,
303 4088 372 4142 quae
390 4071 561 4128 intercedunt
577 4072 648 4126 inter
665 4088 690 4125 u.
711 4075 759 4124 517
779 4074 807 4126 et
825 4074 882 4124 519.
1331 4083 1337 4095 ·

1051 4171 1082 4223 ὃ*
