3080 4748
649 1208 791 1276 CAPUT
813 1209 836 1273 l.

252 1394 272 1472 ξ
298 1396 323 1458 1.
368 1393 567 1461 Gomicorum
590 1395 803 1463 Romanorum
825 1395 951 1461 fabulas
972 1394 1014 1459 ab
1036 1393 1093 1477 iis,
1125 1394 1179 1474 qui
1199 1393 1316 1460 iterum

166 1493 343 1576 iterumque
358 1494 390 1561 in
404 1514 554 1561 scaenam
570 1516 626 1562 eas
640 1497 801 1576 referrent,
824 1514 920 1580 saepe
938 1495 1109 1576 multisque
1131 1491 1235 1560 modis
1257 1492 1314 1558 im-

166 1601 305 1662 mutatas
320 1602 572 1679 retractatasque
585 1615 664 1679 esse,
679 1595 712 1661 id
729 1596 814 1678 quod
827 1596 958 1662 Graecis
974 1595 1148 1676 tragoediis
1159 1594 1316 1661 accidisse

165 1697 281 1782 probat
294 1697 428 1763 illustris
442 1697 499 1763 illa
513 1699 651 1782 Lycurgi
666 1697 799 1763 oratoris
814 1698 867 1763 lex
878 1695 902 1780 1)
926 1696 966 1763 de
984 1695 1111 1781 publico
1135 1695 1316 1761 fabularum

166 1797 329 1881 Aeschyli,
350 1795 526 1883 Sophoclis,
546 1796 706 1883 Euripidis
722 1797 908 1882 exemplari,
931 1817 1028 1882 aquo
1044 1796 1194 1864 recedere
1209 1796 1315 1862 histri-

166 1898 280 1964 onibus
302 1919 364 1964 non
386 1899 509 1967 liceret:
540 1918 643 1981 neque
664 1920 721 1984 per
747 1919 782 1964 se
810 1899 1036 1984 probabilitate
1064 1904 1152 1965 caret
1177 1918 1237 1964 neo
1259 1897 1314 1964 de-

165 2004 237 2063 sunt
252 2007 395 2067 ueterum
411 2000 598 2084 scriptorum
612 2000 684 2081 loci,
707 2019 748 2065 ex
765 2000 878 2081 quibus
895 2000 990 2068 moris
1013 2001 1072 2066 boo
1094 2000 1191 2067 fuisse
1213 2019 1314 2084 appa-

165 2107 243 2166 reat.
277 2100 346 2179 Quo
361 2101 395 2166 in
410 2121 539 2167 numero
557 2101 653 2166 Gellii
667 2100 756 2166 illum
779 2103 884 2182 (Noct.
900 2105 964 2168 Att.
980 2102 1028 2167 ΙΙΙ
1044 2104 1072 2181 3,
1090 2101 1142 2183 13)
1165 2120 1206 2166 ex
1223 2101 1313 2167 Var-

164 2201 277 2266 ronis
301 2200 438 2284 quodam
461 2201 542 2268 libro
565 2201 712 2282 quamuis
731 2201 944 2286 indiligenter,
966 2209 1002 2269 ut
1017 2200 1150 2283 uidetur,
1173 2203 1314 2286 exscrip-

164 2307 231 2366 tum
242 2301 267 2386 ²)
290 2321 554 2369 commemorasse
569 2301 647 2366 satis
664 2301 784 2369 habeo:
806 2324 906 2388 neque
920 2313 1021 2366 tomen
1037 2301 1162 2364 datiam
1177 2313 1225 2365 est
1239 2303 1313 2387 quin

162 2403 241 2465 iotae
263 2401 345 2486 (scil.
362 2402 563 2486 comoediae),
588 2424 668 2483 quoe
688 2405 827 2489 scalptae
850 2427 868 2468 o
891 2405 1009 2468 Plauto
1032 2424 1092 2466 nou
1115 2403 1261 2466 uidentur·
1282 2413 1316 2466 et

161 2505 359 2566 nomim'er'es
380 2503 575 2579 addicuntur,
599 2514 739 2567 ueterum
760 2517 924 2588 poetarum
938 2505 1067 2588 suerint
1088 2515 1120 2568 et
1141 2504 1178 2567 ab
1201 2526 1238 2567 eo
1260 2527 1313 2568 re-

162 2615 318 2668 tractatae
340 2615 369 2667 et
392 2605 552 2688 expolitae
573 2605 635 2667 sint
657 2626 695 2668 oo
713 2618 885 2690 propterea
908 2608 1062 2690 resipiant
1088 2606 1192 2668 stilum
1214 2607 1313 2668 Plae-

162 2708 267 2768 tirmm.
314 2705 467 2783 Quamuis
489 2706 573 2770 enim
597 2705 715 2788 exigua
736 2706 816 2773 fides
845 2706 985 2792 opinioni
1006 2707 1056 2772 illi
1078 2728 1098 2773 a
1120 2707 1225 2773 Gellio
1248 2713 1311 2771 tra·
1410 2783 1413 2792 ⁴

163 2806 250 2873 ditae
265 2806 416 2873 habenda
431 2805 522 2886 situ:
549 2805 582 2869 id
605 2812 749 2889 apertum
773 2812 820 2872 est
841 2808 928 2872 nullo
950 2813 1045 2890 pacto
1068 2807 1137 2872 fieri
1158 2809 1310 2891 potuisse,

162 2913 196 2973 ut
219 2908 280 2973 boe
301 2913 521 2991 argumentum
549 2906 591 2970 ad
622 2905 844 2990 explicandam
873 2905 1092 2972 incredibilem
1120 2907 1311 2991 fabularum,

162 3029 244 3092 quae
274 3010 334 3075 sub
356 3009 463 3075 Plauti
494 3008 621 3074 nomine
650 3008 964 3093 circumferebantur,
993 3007 1225 3074 multitudinem
1254 3008 1311 3074 ad·

161 3111 305 3196 ferretur,
327 3110 390 3177 nisi
408 3109 456 3192 iis,
480 3108 534 3192 qui
551 3109 709 3192 Varronis,
733 3108 848 3175 deinde
861 3110 1090 3177 Antoninorum
1113 3109 1311 3194 temporibus

160 3212 275 3279 litteris
298 3212 419 3277 Latinis
442 3229 572 3294 operam
593 3215 762 3292 nauarent,
794 3210 877 3276 adeo
905 3216 993 3276 certa
1019 3210 1107 3276 illius
1137 3217 1310 3277 retraetan-

161 3312 273 3378 darum
289 3319 430 3379 uetemm
446 3311 625 3377 fabularum
640 3309 738 3376 moris
758 3311 870 3377 notitia
891 3311 1013 3393 fuisset,
1036 3316 1070 3375 ut
1092 3312 1133 3378 de
1155 3312 1216 3377 bac
1238 3312 1311 3395 ipsa

161 3433 197 3480 re
220 3413 346 3479 omnino
368 3432 431 3478 non
453 3409 661 3478 dubitaretur.
706 3410 799 3477 Adde
824 3413 908 3493 quod
931 3411 1148 3478 Terentius
1174 3412 1208 3476 in
1236 3432 1309 3496 pro

250 3601 273 3662 t)
291 3595 331 3650 cf.
350 3593 620 3650 Pseudo-Plutarchi
638 3593 722 3647 uitam
740 3592 766 3645 X
783 3597 884 3648 orator.
903 3611 929 3663 p.
945 3594 1032 3662 SllF,
1052 3594 1184 3650 Galenum
1201 3595 1255 3650 nol.
1269 3595 1311 3648 IX

160 3699 186 3751 p.
202 3685 260 3746 tto,
279 3683 307 3734 et
323 3680 385 3734 uide
397 3679 570 3734 Welclrerum
587 3679 616 3731 in
634 3677 703 3732 libro
722 3678 754 3733 de
771 3678 889 3744 tragoed.
902 3693 991 3746 graec.
1008 3694 1035 3748 p.
1046 3683 1181 3734 tot-908
1199 3677 1310 3733 Komii-

161 3781 212 3834 que
235 3763 453 3819 dissertationem
474 3763 509 3818 de
532 3761 678 3831 exemplari
695 3761 837 3830 Lycurgeo
859 3763 970 3818 Bonnae
993 3763 1092 3818 editam
1110 3778 1135 3818 a.
1157 3766 1230 3816 1863.
1266 3761 1311 3815 De

159 3849 314 3903 retractatis
333 3865 393 3902 oum
417 3847 562 3916 tragoediis
586 3853 644 3900 tum
669 3845 814 3901 comoediis
837 3847 939 3914 graecis
964 3865 991 3902 u.
1010 3846 1141 3903 Meinclrii
1158 3845 1227 3900 Hist.
1247 3845 1310 3900 orit.

161 3950 229 3990 com.
246 3949 335 4002 graec.
352 3949 379 4001 p.
393 3936 422 3987 31
436 3948 476 4002 sq.

247 4023 273 4084 2)
292 4017 331 4071 cf.
350 4016 630 4084 Gallinacium
648 4015 718 4070 oonl.
736 4015 885 4070 Ritschelio
904 4015 1012 4082 Parerg.
1031 4017 1274 4083 primaeuae.

247 4108 272 4166 3)
290 4101 331 4156 De
348 4106 407 4156 toto
423 4102 483 4156 loco
503 4099 626 4155 Gelliano
644 4116 671 4154 u.
688 4099 866 4154 Ritschelinm
877 4100 894 4152 l.
905 4115 927 4154 s.
938 4114 959 4153 s.
969 4114 995 4168 p.
1008 4102 1037 4152 81
1047 4114 1104 4168 sqq.
