<?xml version="1.0" encoding="UTF-8"?>
<!DOCTYPE html PUBLIC "-//W3C//DTD XHTML 1.0 Transitional//EN"
    "http://www.w3.org/TR/xhtml1/DTD/xhtml1-transitional.dtd">
<html xmlns="http://www.w3.org/1999/xhtml" xml:lang="en" lang="en">
 <head>
  <title>
</title>
<meta http-equiv="Content-Type" content="text/html;charset=utf-8" />
  <meta name='ocr-system' content='tesseract 3.04.00' />
  <meta name='ocr-capabilities' content='ocr_page ocr_carea ocr_par ocr_line ocrx_word'/>
</head>
<body>
  <div class='ocr_page' id='page_1' title='image "./debacchidumplau00bracgoog_0026.png"; bbox 0 0 3080 4748; ppageno 0'>
   <div class='ocr_carea' id='block_1_1' title="bbox 350 347 1289 410">
    <p class='ocr_par' dir='ltr' id='par_1_1' title="bbox 350 347 1289 410">
     <span class='ocr_line' id='line_1_1' title="bbox 350 347 1289 410; baseline 0.007 -7"><span class='ocrx_word' id='word_1_1' title='bbox 350 348 392 403; x_wconf 87' lang='lat' dir='ltr'><strong>De</strong></span> <span class='ocrx_word' id='word_1_2' title='bbox 409 347 576 404; x_wconf 86' lang='lat' dir='ltr'><strong>Bacchidum</strong></span> <span class='ocrx_word' id='word_1_3' title='bbox 593 347 737 404; x_wconf 81' lang='lat' dir='ltr'><strong>Plautinae</strong></span> <span class='ocrx_word' id='word_1_4' title='bbox 754 347 946 406; x_wconf 73' lang='lat' dir='ltr'><strong>retractatione</strong></span> <span class='ocrx_word' id='word_1_5' title='bbox 964 350 1097 405; x_wconf 88' lang='lat' dir='ltr'><strong>scaenica.</strong></span> <span class='ocrx_word' id='word_1_6' title='bbox 1253 349 1289 410; x_wconf 78' lang='lat'><strong>71</strong></span> 
     </span>
    </p>
   </div>
   <div class='ocr_carea' id='block_1_2' title="bbox 145 517 1296 808">
    <p class='ocr_par' dir='ltr' id='par_1_2' title="bbox 145 517 1296 808">
     <span class='ocr_line' id='line_1_2' title="bbox 146 517 1295 604; baseline 0.003 -18"><span class='ocrx_word' id='word_1_7' title='bbox 146 521 269 587; x_wconf 91' lang='lat' dir='ltr'><strong>ratione</strong></span> <span class='ocrx_word' id='word_1_8' title='bbox 288 517 418 586; x_wconf 83' lang='lat' dir='ltr'><strong>licentia</strong></span> <span class='ocrx_word' id='word_1_9' title='bbox 439 518 497 585; x_wconf 91' lang='lat' dir='ltr'><strong>ilia</strong></span> <span class='ocrx_word' id='word_1_10' title='bbox 519 520 674 603; x_wconf 79' lang='lat' dir='ltr'>coerceri,</span> <span class='ocrx_word' id='word_1_11' title='bbox 699 520 769 604; x_wconf 91' lang='lat' dir='ltr'><strong>ipse</strong></span> <span class='ocrx_word' id='word_1_12' title='bbox 791 521 962 588; x_wconf 90' lang='lat' dir='ltr'><strong>acerrimus</strong></span> <span class='ocrx_word' id='word_1_13' title='bbox 984 521 1078 588; x_wconf 92' lang='lat' dir='ltr'><strong>huius</strong></span> <span class='ocrx_word' id='word_1_14' title='bbox 1100 522 1295 603; x_wconf 81' lang='lat' dir='ltr'><strong>quaestionis</strong></span> 
     </span>
     <span class='ocr_line' id='line_1_3' title="bbox 145 620 1296 708; baseline 0 -20"><span class='ocrx_word' id='word_1_15' title='bbox 145 622 266 689; x_wconf 81' lang='lat' dir='ltr'><strong>arbiter</strong></span> <span class='ocrx_word' id='word_1_16' title='bbox 288 627 321 688; x_wconf 89' lang='lat' dir='ltr'><strong>ct</strong></span> <span class='ocrx_word' id='word_1_17' title='bbox 342 625 452 688; x_wconf 88' lang='lat' dir='ltr'><strong>auctor</strong></span> <span class='ocrx_word' id='word_1_18' title='bbox 474 620 596 687; x_wconf 85' lang='lat' dir='ltr'><strong>exstitit</strong></span> <span class='ocrx_word' id='word_1_19' title='bbox 617 622 651 686; x_wconf 92' lang='lat' dir='ltr'><strong>in</strong></span> <span class='ocrx_word' id='word_1_20' title='bbox 672 621 784 684; x_wconf 75' lang='lat' dir='ltr'><strong>sttrdiic</strong></span> <span class='ocrx_word' id='word_1_21' title='bbox 809 621 965 686; x_wconf 76' lang='lat' dir='ltr'><strong>Plautinis</strong></span> <span class='ocrx_word' id='word_1_22' title='bbox 985 622 1112 690; x_wconf 89' lang='lat' dir='ltr'><strong>insertis</strong></span> <span class='ocrx_word' id='word_1_23' title='bbox 1135 622 1296 708; x_wconf 81' lang='lat' dir='ltr'><strong>Philologi</strong></span> 
     </span>
     <span class='ocr_line' id='line_1_4' title="bbox 145 723 739 808; baseline 0 -18"><span class='ocrx_word' id='word_1_24' title='bbox 145 729 232 790; x_wconf 92' lang='lat' dir='ltr'><strong>tomo</strong></span> <span class='ocrx_word' id='word_1_25' title='bbox 254 723 349 789; x_wconf 86' lang='lat' dir='ltr'>XVII</span> <span class='ocrx_word' id='word_1_26' title='bbox 369 744 400 808; x_wconf 89' lang='lat' dir='ltr'><strong>p.</strong></span> <span class='ocrx_word' id='word_1_27' title='bbox 416 726 477 788; x_wconf 78' lang='lat'><strong>248</strong></span> <span class='ocrx_word' id='word_1_28' title='bbox 490 740 572 807; x_wconf 85' lang='lat' dir='ltr'><strong>sqq,</strong></span> <span class='ocrx_word' id='word_1_29' title='bbox 595 726 657 787; x_wconf 79' lang='lat'><strong>452</strong></span> <span class='ocrx_word' id='word_1_30' title='bbox 670 740 739 804; x_wconf 94' lang='lat' dir='ltr'><strong>sqq.</strong></span> 
     </span>
    </p>
   </div>
   <div class='ocr_carea' id='block_1_3' title="bbox 143 839 1296 1414">
    <p class='ocr_par' dir='ltr' id='par_1_3' title="bbox 143 839 1296 1414">
     <span class='ocr_line' id='line_1_5' title="bbox 230 839 1296 927; baseline 0.004 -21"><span class='ocrx_word' id='word_1_31' title='bbox 230 843 251 922; x_wconf 62' lang='grc' dir='ltr'>ξ</span> <span class='ocrx_word' id='word_1_32' title='bbox 276 848 324 909; x_wconf 88' lang='lat'><strong>10.</strong></span> <span class='ocrx_word' id='word_1_33' title='bbox 368 840 567 923; x_wconf 85' lang='lat' dir='ltr'><strong>Quamquam</strong></span> <span class='ocrx_word' id='word_1_34' title='bbox 590 839 676 923; x_wconf 88' lang='lat' dir='ltr'><strong>quod</strong></span> <span class='ocrx_word' id='word_1_35' title='bbox 697 840 829 926; x_wconf 84' lang='lat' dir='ltr'><strong>Bergkii</strong></span> <span class='ocrx_word' id='word_1_36' title='bbox 850 841 1030 909; x_wconf 80' lang='lat' dir='ltr'><strong>fructuosae</strong></span> <span class='ocrx_word' id='word_1_37' title='bbox 1053 860 1170 925; x_wconf 83' lang='lat' dir='ltr'><strong>operae</strong></span> <span class='ocrx_word' id='word_1_38' title='bbox 1199 845 1296 927; x_wconf 85' lang='lat' dir='ltr'><strong>supra</strong></span> 
     </span>
     <span class='ocr_line' id='line_1_6' title="bbox 145 941 1296 1025; baseline 0.002 -17"><span class='ocrx_word' id='word_1_39' title='bbox 145 942 568 1010; x_wconf 86' lang='lat' dir='ltr'><strong>iudicauimusdetrimento</strong></span> <span class='ocrx_word' id='word_1_40' title='bbox 593 942 707 1025; x_wconf 82' lang='lat' dir='ltr'><strong>fuisse,</strong></span> <span class='ocrx_word' id='word_1_41' title='bbox 735 941 823 1008; x_wconf 92' lang='lat' dir='ltr'><strong>idem</strong></span> <span class='ocrx_word' id='word_1_42' title='bbox 850 942 979 1009; x_wconf 91' lang='lat' dir='ltr'><strong>minime</strong></span> <span class='ocrx_word' id='word_1_43' title='bbox 1007 961 1084 1010; x_wconf 92' lang='lat' dir='ltr'><strong>sane</strong></span> <span class='ocrx_word' id='word_1_44' title='bbox 1113 944 1296 1025; x_wconf 84' lang='lat' dir='ltr'><strong>frequenter</strong></span> 
     </span>
     <span class='ocr_line' id='line_1_7' title="bbox 144 1042 1295 1128; baseline 0.002 -19"><span class='ocrx_word' id='word_1_45' title='bbox 144 1044 228 1111; x_wconf 91' lang='lat' dir='ltr'><strong>hunc</strong></span> <span class='ocrx_word' id='word_1_46' title='bbox 251 1062 377 1126; x_wconf 88' lang='lat' dir='ltr'><strong>quoque</strong></span> <span class='ocrx_word' id='word_1_47' title='bbox 398 1043 568 1111; x_wconf 89' lang='lat' dir='ltr'><strong>admisisse</strong></span> <span class='ocrx_word' id='word_1_48' title='bbox 591 1042 720 1126; x_wconf 88' lang='lat' dir='ltr'><strong>erroris,</strong></span> <span class='ocrx_word' id='word_1_49' title='bbox 744 1050 779 1110; x_wconf 92' lang='lat' dir='ltr'><strong>ut</strong></span> <span class='ocrx_word' id='word_1_50' title='bbox 800 1044 913 1111; x_wconf 91' lang='lat' dir='ltr'><strong>locos</strong></span> <span class='ocrx_word' id='word_1_51' title='bbox 937 1044 1086 1128; x_wconf 92' lang='lat' dir='ltr'><strong>optime</strong></span> <span class='ocrx_word' id='word_1_52' title='bbox 1108 1043 1295 1112; x_wconf 85' lang='lat' dir='ltr'><strong>adfectos</strong></span> 
     </span>
     <span class='ocr_line' id='line_1_8' title="bbox 144 1142 1296 1230; baseline 0.002 -20"><span class='ocrx_word' id='word_1_53' title='bbox 144 1145 184 1210; x_wconf 91' lang='lat' dir='ltr'><strong>in</strong></span> <span class='ocrx_word' id='word_1_54' title='bbox 206 1145 480 1230; x_wconf 82' lang='lat' dir='ltr'><strong>suspicionem</strong></span> <span class='ocrx_word' id='word_1_55' title='bbox 502 1149 688 1227; x_wconf 86' lang='lat' dir='ltr'><strong>uocaret,</strong></span> <span class='ocrx_word' id='word_1_56' title='bbox 711 1142 900 1212; x_wconf 88' lang='lat' dir='ltr'><strong>documento</strong></span> <span class='ocrx_word' id='word_1_57' title='bbox 916 1151 966 1211; x_wconf 93' lang='lat' dir='ltr'><strong>est</strong></span> <span class='ocrx_word' id='word_1_58' title='bbox 987 1145 1148 1230; x_wconf 86' lang='lat' dir='ltr'><strong>specimen</strong></span> <span class='ocrx_word' id='word_1_59' title='bbox 1172 1147 1232 1212; x_wconf 92' lang='lat' dir='ltr'><strong>hoc</strong></span> <span class='ocrx_word' id='word_1_60' title='bbox 1254 1165 1296 1212; x_wconf 86' lang='lat' dir='ltr'><strong>ex</strong></span> 
     </span>
     <span class='ocr_line' id='line_1_9' title="bbox 145 1245 1294 1330; baseline 0.002 -18"><span class='ocrx_word' id='word_1_61' title='bbox 145 1245 419 1313; x_wconf 89' lang='lat' dir='ltr'><strong>commentationis</strong></span> <span class='ocrx_word' id='word_1_62' title='bbox 434 1246 522 1312; x_wconf 90' lang='lat' dir='ltr'><strong>illius</strong></span> <span class='ocrx_word' id='word_1_63' title='bbox 536 1265 576 1311; x_wconf 87' lang='lat' dir='ltr'><strong>ea</strong></span> <span class='ocrx_word' id='word_1_64' title='bbox 597 1252 699 1330; x_wconf 87' lang='lat' dir='ltr'><strong>parte,</strong></span> <span class='ocrx_word' id='word_1_65' title='bbox 724 1265 806 1326; x_wconf 90' lang='lat' dir='ltr'><strong>quae</strong></span> <span class='ocrx_word' id='word_1_66' title='bbox 828 1250 878 1311; x_wconf 90' lang='lat' dir='ltr'><strong>est</strong></span> <span class='ocrx_word' id='word_1_67' title='bbox 900 1245 941 1312; x_wconf 87' lang='lat' dir='ltr'><strong>de</strong></span> <span class='ocrx_word' id='word_1_68' title='bbox 955 1245 1171 1313; x_wconf 84' lang='lat' dir='ltr'><strong>Bacchidibus</strong></span> <span class='ocrx_word' id='word_1_69' title='bbox 1184 1247 1217 1330; x_wconf 88' lang='lat'><strong>¹),</strong></span> <span class='ocrx_word' id='word_1_70' title='bbox 1240 1245 1294 1314; x_wconf 90' lang='lat' dir='ltr'><strong>de-</strong></span> 
     </span>
     <span class='ocr_line' id='line_1_10' title="bbox 143 1348 1241 1414; baseline -0.006 -1"><span class='ocrx_word' id='word_1_71' title='bbox 143 1348 306 1414; x_wconf 85' lang='lat' dir='ltr'><strong>libatum:.</strong></span> <span class='ocrx_word' id='word_1_72' title='bbox 1237 1367 1241 1374; x_wconf 94' lang='lat'>·</span> 
     </span>
    </p>
   </div>
   <div class='ocr_carea' id='block_1_4' title="bbox 374 1493 998 1674">
    <p class='ocr_par' dir='ltr' id='par_1_4' title="bbox 374 1493 998 1674">
     <span class='ocr_line' id='line_1_11' title="bbox 374 1493 998 1580; baseline 0 -16"><span class='ocrx_word' id='word_1_73' title='bbox 374 1493 380 1498; x_wconf 78' lang='grc'><strong>’</strong></span> <span class='ocrx_word' id='word_1_74' title='bbox 440 1496 690 1564; x_wconf 88' lang='lat' dir='ltr'><strong>Bacchidum</strong></span> <span class='ocrx_word' id='word_1_75' title='bbox 720 1497 931 1580; x_wconf 87' lang='lat' dir='ltr'><strong>specimen</strong></span> <span class='ocrx_word' id='word_1_76' title='bbox 958 1498 998 1564; x_wconf 91' lang='grc' dir='ltr'><strong>ΙΙ.</strong></span> 
     </span>
     <span class='ocr_line' id='line_1_12' title="bbox 474 1619 970 1674; baseline 0.002 -13"><span class='ocrx_word' id='word_1_77' title='bbox 474 1621 519 1663; x_wconf 82' lang='grc' dir='ltr'><strong>Αοι.</strong></span> <span class='ocrx_word' id='word_1_78' title='bbox 533 1619 560 1661; x_wconf 86' lang='lat' dir='ltr'><strong>lv</strong></span> <span class='ocrx_word' id='word_1_79' title='bbox 578 1621 636 1662; x_wconf 78' lang='lat' dir='ltr'><strong>scd</strong></span> <span class='ocrx_word' id='word_1_80' title='bbox 656 1630 677 1660; x_wconf 91' lang='grc' dir='ltr'><strong>ιι.</strong></span> <span class='ocrx_word' id='word_1_81' title='bbox 691 1621 797 1664; x_wconf 75' lang='lat'>13-17.</span> <span class='ocrx_word' id='word_1_82' title='bbox 816 1631 848 1662; x_wconf 90' lang='lat' dir='ltr'><strong>sc.</strong></span> <span class='ocrx_word' id='word_1_83' title='bbox 864 1622 885 1670; x_wconf 81' lang='lat' dir='ltr'><strong>i.</strong></span> <span class='ocrx_word' id='word_1_84' title='bbox 898 1621 970 1674; x_wconf 75' lang='lat' dir='ltr'><strong>disq.</strong></span> 
     </span>
    </p>
   </div>
   <div class='ocr_carea' id='block_1_5' title="bbox 211 1730 1294 2126">
    <p class='ocr_par' dir='ltr' id='par_1_5' title="bbox 211 1730 1294 1886">
     <span class='ocr_line' id='line_1_13' title="bbox 213 1730 1294 1800; baseline -0.004 -10"><span class='ocrx_word' id='word_1_85' title='bbox 213 1734 343 1790; x_wconf 83' lang='lat' dir='ltr'>GHRYS:</span> <span class='ocrx_word' id='word_1_86' title='bbox 362 1732 426 1785; x_wconf 83' lang='lat' dir='ltr'><strong>Men</strong></span> <span class='ocrx_word' id='word_1_87' title='bbox 444 1730 630 1785; x_wconf 83' lang='lat' dir='ltr'><strong>criminatust?</strong></span> <span class='ocrx_word' id='word_1_88' title='bbox 657 1733 804 1800; x_wconf 83' lang='lat' dir='ltr'><strong>dptnmest:</strong></span> <span class='ocrx_word' id='word_1_89' title='bbox 824 1746 871 1800; x_wconf 78' lang='lat' dir='ltr'><strong>ego</strong></span> <span class='ocrx_word' id='word_1_90' title='bbox 891 1734 949 1784; x_wconf 86' lang='lat' dir='ltr'><strong>edm</strong></span> <span class='ocrx_word' id='word_1_91' title='bbox 966 1730 1061 1797; x_wconf 87' lang='lat' dir='ltr'><strong>malus,</strong></span> <span class='ocrx_word' id='word_1_92' title='bbox 1194 1736 1242 1787; x_wconf 79' lang='lat' dir='ltr'><strong>tae</strong></span> <span class='ocrx_word' id='word_1_93' title='bbox 1261 1731 1294 1786; x_wconf 85' lang='lat' dir='ltr'><strong>R.</strong></span> 
     </span>
     <span class='ocr_line' id='line_1_14' title="bbox 211 1808 1021 1886; baseline -0.002 -15"><span class='ocrx_word' id='word_1_94' title='bbox 211 1818 270 1886; x_wconf 79' lang='lat' dir='ltr'><strong>Ego</strong></span> <span class='ocrx_word' id='word_1_95' title='bbox 290 1821 350 1871; x_wconf 84' lang='lat' dir='ltr'><strong>eum</strong></span> <span class='ocrx_word' id='word_1_96' title='bbox 368 1831 453 1882; x_wconf 69' lang='lat' dir='ltr'><strong>sacer,</strong></span> <span class='ocrx_word' id='word_1_97' title='bbox 471 1811 611 1869; x_wconf 77' lang='lat' dir='ltr'><strong>scelestus.</strong></span> <span class='ocrx_word' id='word_1_98' title='bbox 640 1815 809 1884; x_wconf 79' lang='lat' dir='ltr'><strong>spectarem</strong></span> <span class='ocrx_word' id='word_1_99' title='bbox 827 1814 915 1870; x_wconf 89' lang='lat' dir='ltr'><strong>modo.</strong></span> <span class='ocrx_word' id='word_1_100' title='bbox 1017 1808 1021 1816; x_wconf 82' lang='grc'><strong>’</strong></span> 
     </span>
    </p>

    <p class='ocr_par' dir='ltr' id='par_1_6' title="bbox 211 1897 1145 2052">
     <span class='ocr_line' id='line_1_15' title="bbox 212 1897 1145 1970; baseline 0.001 -15"><span class='ocrx_word' id='word_1_101' title='bbox 212 1902 271 1970; x_wconf 82' lang='lat' dir='ltr'><strong>Ego</strong></span> <span class='ocrx_word' id='word_1_102' title='bbox 290 1898 404 1957; x_wconf 77' lang='lat' dir='ltr'><strong>uerbum</strong></span> <span class='ocrx_word' id='word_1_103' title='bbox 422 1898 520 1952; x_wconf 81' lang='lat' dir='ltr'><strong>faciam</strong></span> <span class='ocrx_word' id='word_1_104' title='bbox 538 1898 674 1969; x_wconf 75' lang='lat' dir='ltr'><strong>(nillum).</strong></span> <span class='ocrx_word' id='word_1_105' title='bbox 702 1897 775 1953; x_wconf 78' lang='lat' dir='ltr'><strong>Nic:</strong></span> <span class='ocrx_word' id='word_1_106' title='bbox 795 1897 881 1970; x_wconf 81' lang='lat' dir='ltr'><strong>(Ede)</strong></span> <span class='ocrx_word' id='word_1_107' title='bbox 899 1900 987 1966; x_wconf 89' lang='lat' dir='ltr'><strong>etiam,</strong></span> <span class='ocrx_word' id='word_1_108' title='bbox 1006 1898 1145 1966; x_wconf 80' lang='lat' dir='ltr'><strong>cirnufex‚</strong></span> 
     </span>
     <span class='ocr_line' id='line_1_16' title="bbox 211 1981 1085 2052; baseline -0.001 -14"><span class='ocrx_word' id='word_1_109' title='bbox 211 1985 356 2040; x_wconf 78' lang='lat' dir='ltr'><strong>Minitare?</strong></span> <span class='ocrx_word' id='word_1_110' title='bbox 384 1983 514 2038; x_wconf 78' lang='lat' dir='ltr'>CHRYS:</span> <span class='ocrx_word' id='word_1_111' title='bbox 534 1983 638 2038; x_wconf 88' lang='lat' dir='ltr'><strong>Nosces</strong></span> <span class='ocrx_word' id='word_1_112' title='bbox 656 1983 686 2037; x_wconf 82' lang='lat' dir='ltr'><strong>td</strong></span> <span class='ocrx_word' id='word_1_113' title='bbox 704 1984 780 2038; x_wconf 91' lang='lat' dir='ltr'><strong>illum</strong></span> <span class='ocrx_word' id='word_1_114' title='bbox 797 1989 919 2039; x_wconf 88' lang='lat' dir='ltr'><strong>actutum</strong></span> <span class='ocrx_word' id='word_1_115' title='bbox 937 1981 1023 2052; x_wconf 79' lang='lat' dir='ltr'><strong>quilie</strong></span> <span class='ocrx_word' id='word_1_116' title='bbox 1042 1985 1085 2040; x_wconf 88' lang='lat' dir='ltr'><strong>sit.</strong></span> 
     </span>
    </p>

    <p class='ocr_par' dir='ltr' id='par_1_7' title="bbox 211 2066 1293 2126">
     <span class='ocr_line' id='line_1_17' title="bbox 211 2066 1293 2126; baseline -0.002 0"><span class='ocrx_word' id='word_1_117' title='bbox 211 2070 291 2126; x_wconf 81' lang='lat' dir='ltr'><strong>Nunc</strong></span> <span class='ocrx_word' id='word_1_118' title='bbox 308 2071 359 2124; x_wconf 74' lang='lat' dir='ltr'><strong>his</strong></span> <span class='ocrx_word' id='word_1_119' title='bbox 377 2069 492 2123; x_wconf 82' lang='lat' dir='ltr'><strong>tabellas</strong></span> <span class='ocrx_word' id='word_1_120' title='bbox 509 2066 582 2122; x_wconf 77' lang='lat' dir='ltr'><strong>ferre</strong></span> <span class='ocrx_word' id='word_1_121' title='bbox 598 2084 642 2122; x_wconf 91' lang='lat' dir='ltr'><strong>me</strong></span> <span class='ocrx_word' id='word_1_122' title='bbox 658 2067 740 2122; x_wconf 90' lang='lat' dir='ltr'><strong>iussit</strong></span> <span class='ocrx_word' id='word_1_123' title='bbox 756 2069 806 2124; x_wconf 89' lang='lat' dir='ltr'><strong>tibi</strong></span> <span class='ocrx_word' id='word_1_124' title='bbox 821 2110 900 2124; x_wconf 86' lang='lat'><strong>.....</strong></span> <span class='ocrx_word' id='word_1_125' title='bbox 1245 2075 1293 2125; x_wconf 80' lang='lat' dir='ltr'><strong>&#39;ist</strong></span> 
     </span>
    </p>
   </div>
   <div class='ocr_carea' id='block_1_6' title="bbox 174 2178 1295 2904">
    <p class='ocr_par' dir='ltr' id='par_1_8' title="bbox 177 2178 378 2221">
     <span class='ocr_line' id='line_1_18' title="bbox 177 2178 378 2221; baseline -0.015 0"><span class='ocrx_word' id='word_1_126' title='bbox 177 2179 280 2221; x_wconf 80' lang='lat' dir='ltr'><strong>Adnot.</strong></span> <span class='ocrx_word' id='word_1_127' title='bbox 299 2178 378 2219; x_wconf 72' lang='lat' dir='ltr'><strong>orit:</strong></span> 
     </span>
    </p>

    <p class='ocr_par' dir='ltr' id='par_1_9' title="bbox 174 2239 1295 2904">
     <span class='ocr_line' id='line_1_19' title="bbox 246 2239 1293 2309; baseline 0.007 -22"><span class='ocrx_word' id='word_1_128' title='bbox 246 2243 305 2293; x_wconf 74' lang='lat'><strong>784.</strong></span> <span class='ocrx_word' id='word_1_129' title='bbox 324 2251 401 2300; x_wconf 87' lang='lat' dir='ltr'><strong>specto</strong></span> <span class='ocrx_word' id='word_1_130' title='bbox 414 2256 476 2288; x_wconf 88' lang='lat' dir='ltr'><strong>erum</strong></span> <span class='ocrx_word' id='word_1_131' title='bbox 494 2245 517 2286; x_wconf 81' lang='lat' dir='ltr'><strong>F.</strong></span> <span class='ocrx_word' id='word_1_132' title='bbox 532 2245 553 2286; x_wconf 85' lang='lat' dir='ltr'><strong>V.</strong></span> <span class='ocrx_word' id='word_1_133' title='bbox 563 2244 692 2288; x_wconf 68' lang='lat' dir='ltr'><strong>unimanus</strong></span> <span class='ocrx_word' id='word_1_134' title='bbox 709 2245 755 2287; x_wconf 83' lang='lat' dir='ltr'><strong>ind.</strong></span> <span class='ocrx_word' id='word_1_135' title='bbox 772 2243 822 2287; x_wconf 83' lang='lat' dir='ltr'><strong>tect.</strong></span> <span class='ocrx_word' id='word_1_136' title='bbox 841 2245 941 2288; x_wconf 82' lang='lat' dir='ltr'><strong>iicetocir.</strong></span> <span class='ocrx_word' id='word_1_137' title='bbox 959 2256 979 2286; x_wconf 89' lang='lat' dir='ltr'><strong>u.</strong></span> <span class='ocrx_word' id='word_1_138' title='bbox 992 2245 1044 2286; x_wconf 67' lang='lat'><strong>18⁴⁶</strong></span> <span class='ocrx_word' id='word_1_139' title='bbox 1061 2257 1082 2298; x_wconf 80' lang='lat' dir='ltr'><strong>p.</strong></span> <span class='ocrx_word' id='word_1_140' title='bbox 1095 2245 1110 2286; x_wconf 78' lang='lat'><em>3</em></span> <span class='ocrx_word' id='word_1_141' title='bbox 1120 2257 1149 2298; x_wconf 85' lang='lat' dir='ltr'><strong>sq.</strong></span> <span class='ocrx_word' id='word_1_142' title='bbox 1169 2239 1173 2305; x_wconf 88' lang='grc' dir='ltr'>Ι</span> <span class='ocrx_word' id='word_1_143' title='bbox 1195 2242 1293 2309; x_wconf 67' lang='grc' dir='ltr'>7858ᾳ.</span> 
     </span>
     <span class='ocr_line' id='line_1_20' title="bbox 178 2311 1295 2366; baseline 0 -10"><span class='ocrx_word' id='word_1_144' title='bbox 178 2315 262 2356; x_wconf 88' lang='lat' dir='ltr'><strong>nultum</strong></span> <span class='ocrx_word' id='word_1_145' title='bbox 281 2320 302 2356; x_wconf 85' lang='lat' dir='ltr'><strong>et</strong></span> <span class='ocrx_word' id='word_1_146' title='bbox 321 2313 363 2355; x_wconf 87' lang='lat' dir='ltr'><strong>eho</strong></span> <span class='ocrx_word' id='word_1_147' title='bbox 382 2324 424 2355; x_wconf 86' lang='lat' dir='ltr'><strong>om.</strong></span> <span class='ocrx_word' id='word_1_148' title='bbox 442 2312 500 2354; x_wconf 81' lang='lat' dir='ltr'><strong>libri.</strong></span> <span class='ocrx_word' id='word_1_149' title='bbox 528 2311 613 2353; x_wconf 86' lang='lat' dir='ltr'><strong>nulium</strong></span> <span class='ocrx_word' id='word_1_150' title='bbox 628 2318 678 2365; x_wconf 81' lang='lat' dir='ltr'><strong>post</strong></span> <span class='ocrx_word' id='word_1_151' title='bbox 696 2313 789 2354; x_wconf 87' lang='lat' dir='ltr'><strong>uerbum</strong></span> <span class='ocrx_word' id='word_1_152' title='bbox 802 2312 895 2355; x_wconf 83' lang='lat' dir='ltr'><strong>inscruit</strong></span> <span class='ocrx_word' id='word_1_153' title='bbox 913 2312 1055 2361; x_wconf 63' lang='lat' dir='ltr'><strong>ditectionem</strong></span> <span class='ocrx_word' id='word_1_154' title='bbox 1074 2312 1172 2366; x_wconf 75' lang='lat' dir='ltr'><strong>equidem</strong></span> <span class='ocrx_word' id='word_1_155' title='bbox 1191 2313 1233 2355; x_wconf 86' lang='lat' dir='ltr'><strong>etro</strong></span> <span class='ocrx_word' id='word_1_156' title='bbox 1252 2325 1295 2356; x_wconf 83' lang='lat' dir='ltr'><strong>unu</strong></span> 
     </span>
     <span class='ocr_line' id='line_1_21' title="bbox 175 2379 1295 2435; baseline 0 -11"><span class='ocrx_word' id='word_1_157' title='bbox 175 2393 223 2424; x_wconf 82' lang='lat' dir='ltr'><strong>cum</strong></span> <span class='ocrx_word' id='word_1_158' title='bbox 242 2382 326 2424; x_wconf 91' lang='lat' dir='ltr'><strong>nulium</strong></span> <span class='ocrx_word' id='word_1_159' title='bbox 340 2379 610 2434; x_wconf 84' lang='lat' dir='ltr'><strong>preptereimiiitudinem</strong></span> <span class='ocrx_word' id='word_1_160' title='bbox 623 2379 698 2422; x_wconf 83' lang='lat' dir='ltr'><strong>iterati</strong></span> <span class='ocrx_word' id='word_1_161' title='bbox 716 2380 835 2422; x_wconf 77' lang='lat' dir='ltr'><strong>identidem</strong></span> <span class='ocrx_word' id='word_1_162' title='bbox 849 2391 890 2434; x_wconf 73' lang='lat' dir='ltr'><strong>ego</strong></span> <span class='ocrx_word' id='word_1_163' title='bbox 908 2380 1016 2423; x_wconf 79' lang='lat' dir='ltr'><strong>eccidisse</strong></span> <span class='ocrx_word' id='word_1_164' title='bbox 1027 2380 1132 2433; x_wconf 76' lang='lat' dir='ltr'><strong>neptem.</strong></span> <span class='ocrx_word' id='word_1_165' title='bbox 1157 2380 1255 2424; x_wconf 77' lang='lat' dir='ltr'><strong>Catonem</strong></span> <span class='ocrx_word' id='word_1_166' title='bbox 1268 2381 1295 2435; x_wconf 69' lang='lat' dir='ltr'><strong>ci.</strong></span> 
     </span>
     <span class='ocr_line' id='line_1_22' title="bbox 177 2447 1294 2502; baseline -0.001 -9"><span class='ocrx_word' id='word_1_167' title='bbox 177 2449 199 2493; x_wconf 81' lang='lat' dir='ltr'><strong>G.</strong></span> <span class='ocrx_word' id='word_1_168' title='bbox 208 2450 232 2491; x_wconf 78' lang='lat' dir='ltr'><strong>F.</strong></span> <span class='ocrx_word' id='word_1_169' title='bbox 244 2450 267 2490; x_wconf 80' lang='lat' dir='ltr'><strong>G.</strong></span> <span class='ocrx_word' id='word_1_170' title='bbox 277 2447 403 2491; x_wconf 76' lang='lat' dir='ltr'><strong>Muellerum</strong></span> <span class='ocrx_word' id='word_1_171' title='bbox 416 2448 507 2491; x_wconf 83' lang='lat' dir='ltr'><strong>Prosed.</strong></span> <span class='ocrx_word' id='word_1_172' title='bbox 519 2447 589 2490; x_wconf 83' lang='lat' dir='ltr'><strong>Piunt.</strong></span> <span class='ocrx_word' id='word_1_173' title='bbox 598 2460 621 2500; x_wconf 83' lang='lat' dir='ltr'><strong>p.</strong></span> <span class='ocrx_word' id='word_1_174' title='bbox 631 2447 679 2488; x_wconf 67' lang='lat'><strong>745.</strong></span> <span class='ocrx_word' id='word_1_175' title='bbox 703 2459 781 2490; x_wconf 88' lang='lat' dir='ltr'><strong>uerum</strong></span> <span class='ocrx_word' id='word_1_176' title='bbox 793 2448 887 2491; x_wconf 88' lang='lat' dir='ltr'><strong>uerbum</strong></span> <span class='ocrx_word' id='word_1_177' title='bbox 900 2448 996 2491; x_wconf 80' lang='lat' dir='ltr'><strong>Bothiuc.</strong></span> <span class='ocrx_word' id='word_1_178' title='bbox 1038 2447 1084 2502; x_wconf 77' lang='lat' dir='ltr'><strong>Ego</strong></span> <span class='ocrx_word' id='word_1_179' title='bbox 1098 2449 1176 2491; x_wconf 82' lang='lat' dir='ltr'><strong>taciem</strong></span> <span class='ocrx_word' id='word_1_180' title='bbox 1189 2448 1294 2492; x_wconf 81' lang='lat' dir='ltr'><strong>-u1c:</strong></span> 
     </span>
     <span class='ocr_line' id='line_1_23' title="bbox 178 2508 1295 2580; baseline 0 -22"><span class='ocrx_word' id='word_1_181' title='bbox 178 2517 246 2559; x_wconf 81' lang='lat' dir='ltr'><strong>Etiam</strong></span> <span class='ocrx_word' id='word_1_182' title='bbox 260 2528 321 2561; x_wconf 87' lang='lat' dir='ltr'><strong>earu.</strong></span> <span class='ocrx_word' id='word_1_183' title='bbox 334 2517 385 2558; x_wconf 88' lang='lat' dir='ltr'><strong>min.</strong></span> <span class='ocrx_word' id='word_1_184' title='bbox 399 2515 443 2558; x_wconf 79' lang='lat' dir='ltr'><strong>mii</strong></span> <span class='ocrx_word' id='word_1_185' title='bbox 453 2508 468 2580; x_wconf 68' lang='lat' dir='ltr'><strong>j}</strong></span> <span class='ocrx_word' id='word_1_186' title='bbox 481 2514 580 2556; x_wconf 74' lang='lat' dir='ltr'><strong>odaia:</strong></span> <span class='ocrx_word' id='word_1_187' title='bbox 600 2515 667 2561; x_wconf 82' lang='lat' dir='ltr'><strong>Nosc.</strong></span> <span class='ocrx_word' id='word_1_188' title='bbox 681 2522 723 2561; x_wconf 85' lang='lat' dir='ltr'><strong>not.</strong></span> <span class='ocrx_word' id='word_1_189' title='bbox 736 2514 767 2557; x_wconf 87' lang='lat' dir='ltr'><strong>iit.</strong></span> <span class='ocrx_word' id='word_1_190' title='bbox 780 2522 801 2556; x_wconf 88' lang='lat' dir='ltr'><strong>tn</strong></span> <span class='ocrx_word' id='word_1_191' title='bbox 815 2516 875 2570; x_wconf 84' lang='lat' dir='ltr'><strong>q&#39;uai.</strong></span> <span class='ocrx_word' id='word_1_192' title='bbox 891 2515 933 2560; x_wconf 86' lang='lat' dir='ltr'><strong>siet</strong></span> <span class='ocrx_word' id='word_1_193' title='bbox 951 2516 1113 2559; x_wconf 77' lang='lat' dir='ltr'><strong>tindenrnnus</strong></span> <span class='ocrx_word' id='word_1_194' title='bbox 1127 2517 1206 2558; x_wconf 83' lang='grc' dir='ltr'><strong>Αιιιιιιὶ.</strong></span> <span class='ocrx_word' id='word_1_195' title='bbox 1217 2517 1295 2569; x_wconf 79' lang='lat' dir='ltr'><strong>phiioi.</strong></span> 
     </span>
     <span class='ocr_line' id='line_1_24' title="bbox 177 2576 1294 2646; baseline -0.002 -19"><span class='ocrx_word' id='word_1_196' title='bbox 177 2591 192 2627; x_wconf 87' lang='lat' dir='ltr'><strong>t.</strong></span> <span class='ocrx_word' id='word_1_197' title='bbox 206 2586 232 2627; x_wconf 75' lang='lat' dir='ltr'><strong>te</strong></span> <span class='ocrx_word' id='word_1_198' title='bbox 246 2585 277 2639; x_wconf 86' lang='lat' dir='ltr'><strong>(n.</strong></span> <span class='ocrx_word' id='word_1_199' title='bbox 286 2584 352 2638; x_wconf 72' lang='lat'><strong><em>1357)</em></strong></span> <span class='ocrx_word' id='word_1_200' title='bbox 367 2597 391 2637; x_wconf 84' lang='lat' dir='ltr'><strong>p.</strong></span> <span class='ocrx_word' id='word_1_201' title='bbox 406 2584 453 2630; x_wconf 70' lang='lat' dir='ltr'><strong>idi.</strong></span> <span class='ocrx_word' id='word_1_202' title='bbox 480 2582 525 2636; x_wconf 72' lang='lat' dir='ltr'><strong>Ego</strong></span> <span class='ocrx_word' id='word_1_203' title='bbox 538 2583 631 2646; x_wconf 78' lang='lat' dir='ltr'><strong>uerbum</strong></span> <span class='ocrx_word' id='word_1_204' title='bbox 645 2582 739 2626; x_wconf 84' lang='lat' dir='ltr'><strong>inciemt</strong></span> <span class='ocrx_word' id='word_1_205' title='bbox 763 2582 821 2626; x_wconf 74' lang='lat' dir='ltr'><strong>ritu:</strong></span> <span class='ocrx_word' id='word_1_206' title='bbox 837 2583 888 2627; x_wconf 83' lang='lat' dir='ltr'><strong>itin.</strong></span> <span class='ocrx_word' id='word_1_207' title='bbox 904 2583 977 2636; x_wconf 86' lang='lat' dir='ltr'><strong>etiem,</strong></span> <span class='ocrx_word' id='word_1_208' title='bbox 994 2585 1072 2626; x_wconf 76' lang='lat' dir='ltr'><strong>carui</strong></span> <span class='ocrx_word' id='word_1_209' title='bbox 1085 2576 1095 2640; x_wconf 89' lang='grc' dir='ltr'><strong>ΙΙ</strong></span> <span class='ocrx_word' id='word_1_210' title='bbox 1110 2583 1208 2626; x_wconf 79' lang='lat' dir='ltr'>CHRYS:</span> <span class='ocrx_word' id='word_1_211' title='bbox 1228 2584 1294 2628; x_wconf 84' lang='lat' dir='ltr'><strong>Nosc.</strong></span> 
     </span>
     <span class='ocr_line' id='line_1_25' title="bbox 177 2645 1294 2712; baseline 0 -16"><span class='ocrx_word' id='word_1_212' title='bbox 177 2653 229 2696; x_wconf 84' lang='lat' dir='ltr'><strong>tui.</strong></span> <span class='ocrx_word' id='word_1_213' title='bbox 246 2665 279 2703; x_wconf 74' lang='lat' dir='ltr'><strong>a,</strong></span> <span class='ocrx_word' id='word_1_214' title='bbox 297 2653 334 2695; x_wconf 85' lang='lat' dir='ltr'><strong>ubi</strong></span> <span class='ocrx_word' id='word_1_215' title='bbox 354 2652 381 2694; x_wconf 82' lang='lat' dir='ltr'><strong>sit</strong></span> <span class='ocrx_word' id='word_1_216' title='bbox 399 2662 420 2694; x_wconf 79' lang='lat' dir='ltr'><strong>er</strong></span> <span class='ocrx_word' id='word_1_217' title='bbox 437 2650 510 2705; x_wconf 86' lang='lat' dir='ltr'><strong>quetis</strong></span> <span class='ocrx_word' id='word_1_218' title='bbox 528 2650 570 2693; x_wconf 88' lang='lat' dir='ltr'><strong>siet</strong></span> <span class='ocrx_word' id='word_1_219' title='bbox 587 2651 718 2698; x_wconf 68' lang='lat' dir='ltr'><strong>reicerentur</strong></span> <span class='ocrx_word' id='word_1_220' title='bbox 735 2652 749 2692; x_wconf 86' lang='lat' dir='ltr'><strong>i.</strong></span> <span class='ocrx_word' id='word_1_221' title='bbox 760 2664 778 2693; x_wconf 85' lang='lat' dir='ltr'><strong>a.</strong></span> <span class='ocrx_word' id='word_1_222' title='bbox 801 2645 805 2712; x_wconf 72' lang='grc' dir='ltr'>Ι</span> <span class='ocrx_word' id='word_1_223' title='bbox 826 2648 885 2699; x_wconf 75' lang='grc' dir='ltr'><strong>ΊΘἸ.</strong></span> <span class='ocrx_word' id='word_1_224' title='bbox 904 2651 944 2694; x_wconf 85' lang='lat' dir='ltr'><strong>hes</strong></span> <span class='ocrx_word' id='word_1_225' title='bbox 959 2651 1053 2695; x_wconf 81' lang='lat' dir='ltr'><strong>tabellas</strong></span> <span class='ocrx_word' id='word_1_226' title='bbox 1071 2651 1221 2696; x_wconf 75' lang='lat' dir='ltr'><strong>Fleckeisenuc</strong></span> <span class='ocrx_word' id='word_1_227' title='bbox 1239 2653 1294 2696; x_wconf 79' lang='lat' dir='ltr'><strong>Ano.</strong></span> 
     </span>
     <span class='ocr_line' id='line_1_26' title="bbox 174 2719 1293 2774; baseline 0 -12"><span class='ocrx_word' id='word_1_228' title='bbox 174 2719 230 2774; x_wconf 73' lang='lat' dir='ltr'><strong>picit.</strong></span> <span class='ocrx_word' id='word_1_229' title='bbox 245 2727 259 2762; x_wconf 87' lang='lat' dir='ltr'><strong>t.</strong></span> <span class='ocrx_word' id='word_1_230' title='bbox 269 2721 296 2761; x_wconf 83' lang='lat' dir='ltr'><strong>dd</strong></span> <span class='ocrx_word' id='word_1_231' title='bbox 313 2722 344 2774; x_wconf 86' lang='lat' dir='ltr'><strong>(a.</strong></span> <span class='ocrx_word' id='word_1_232' title='bbox 354 2720 416 2774; x_wconf 73' lang='lat'><em>4850)</em></span> <span class='ocrx_word' id='word_1_233' title='bbox 431 2732 455 2773; x_wconf 86' lang='lat' dir='ltr'><strong>p.</strong></span> <span class='ocrx_word' id='word_1_234' title='bbox 465 2719 514 2770; x_wconf 68' lang='lat' dir='ltr'><strong>idi,</strong></span> <span class='ocrx_word' id='word_1_235' title='bbox 534 2719 555 2760; x_wconf 80' lang='lat' dir='ltr'><strong>G.</strong></span> <span class='ocrx_word' id='word_1_236' title='bbox 566 2719 589 2761; x_wconf 79' lang='lat' dir='ltr'><strong>F.</strong></span> <span class='ocrx_word' id='word_1_237' title='bbox 600 2720 623 2762; x_wconf 84' lang='lat' dir='ltr'><strong>G.</strong></span> <span class='ocrx_word' id='word_1_238' title='bbox 633 2719 749 2762; x_wconf 83' lang='lat' dir='ltr'><strong>dirreilernc</strong></span> <span class='ocrx_word' id='word_1_239' title='bbox 765 2720 871 2762; x_wconf 75' lang='lat' dir='ltr'><strong>Adiectio</strong></span> <span class='ocrx_word' id='word_1_240' title='bbox 886 2719 946 2761; x_wconf 77' lang='lat' dir='ltr'><strong>Pron.</strong></span> <span class='ocrx_word' id='word_1_241' title='bbox 961 2719 1031 2761; x_wconf 86' lang='lat' dir='ltr'><strong>Piunt.</strong></span> <span class='ocrx_word' id='word_1_242' title='bbox 1044 2731 1067 2772; x_wconf 83' lang='lat' dir='ltr'><strong>p.</strong></span> <span class='ocrx_word' id='word_1_243' title='bbox 1082 2719 1114 2760; x_wconf 77' lang='lat' dir='ltr'><strong>u.</strong></span> <span class='ocrx_word' id='word_1_244' title='bbox 1129 2719 1178 2768; x_wconf 77' lang='lat' dir='ltr'><strong>tec,</strong></span> <span class='ocrx_word' id='word_1_245' title='bbox 1196 2720 1293 2762; x_wconf 78' lang='lat' dir='ltr'><strong>Scirnnid-</strong></span> 
     </span>
     <span class='ocr_line' id='line_1_27' title="bbox 177 2786 1294 2841; baseline -0.003 -10"><span class='ocrx_word' id='word_1_246' title='bbox 177 2789 221 2831; x_wconf 83' lang='lat' dir='ltr'><strong>tius</strong></span> <span class='ocrx_word' id='word_1_247' title='bbox 240 2788 336 2838; x_wconf 79' lang='lat' dir='ltr'><strong>Quaerit.</strong></span> <span class='ocrx_word' id='word_1_248' title='bbox 347 2789 373 2830; x_wconf 86' lang='lat' dir='ltr'><strong>de</strong></span> <span class='ocrx_word' id='word_1_249' title='bbox 384 2800 484 2841; x_wconf 81' lang='lat' dir='ltr'><strong>pronon.</strong></span> <span class='ocrx_word' id='word_1_250' title='bbox 499 2787 618 2830; x_wconf 76' lang='lat' dir='ltr'><strong>demonstr.</strong></span> <span class='ocrx_word' id='word_1_251' title='bbox 631 2786 709 2840; x_wconf 67' lang='lat' dir='ltr'><strong>ferinis</strong></span> <span class='ocrx_word' id='word_1_252' title='bbox 720 2786 815 2828; x_wconf 80' lang='lat' dir='ltr'><strong>Plourin.</strong></span> <span class='ocrx_word' id='word_1_253' title='bbox 831 2786 903 2829; x_wconf 86' lang='lat' dir='ltr'><strong>Berol.</strong></span> <span class='ocrx_word' id='word_1_254' title='bbox 912 2786 964 2827; x_wconf 72' lang='lat'><strong>4875</strong></span> <span class='ocrx_word' id='word_1_255' title='bbox 978 2799 1000 2839; x_wconf 89' lang='lat' dir='ltr'><strong>p.</strong></span> <span class='ocrx_word' id='word_1_256' title='bbox 1012 2786 1094 2832; x_wconf 70' lang='lat' dir='ltr'><strong>dmi.</strong></span> <span class='ocrx_word' id='word_1_257' title='bbox 1119 2787 1187 2828; x_wconf 85' lang='lat' dir='ltr'><strong>hosce</strong></span> <span class='ocrx_word' id='word_1_258' title='bbox 1201 2787 1294 2828; x_wconf 82' lang='lat' dir='ltr'><strong>rabellus</strong></span> 
     </span>
     <span class='ocr_line' id='line_1_28' title="bbox 178 2854 755 2904; baseline -0.005 -6"><span class='ocrx_word' id='word_1_259' title='bbox 178 2856 237 2898; x_wconf 82' lang='lat' dir='ltr'><strong>libri.</strong></span> <span class='ocrx_word' id='word_1_260' title='bbox 264 2855 332 2898; x_wconf 79' lang='lat' dir='ltr'><strong>hosce</strong></span> <span class='ocrx_word' id='word_1_261' title='bbox 351 2856 437 2898; x_wconf 83' lang='lat' dir='ltr'><strong>tehules</strong></span> <span class='ocrx_word' id='word_1_262' title='bbox 455 2855 600 2904; x_wconf 76' lang='lat' dir='ltr'><strong>dermannus,</strong></span> <span class='ocrx_word' id='word_1_263' title='bbox 619 2854 755 2898; x_wconf 75' lang='lat' dir='ltr'><strong>dictrictius.</strong></span> 
     </span>
    </p>
   </div>
   <div class='ocr_carea' id='block_1_7' title="bbox 144 2963 1293 3140">
    <p class='ocr_par' dir='ltr' id='par_1_10' title="bbox 144 2963 1293 3140">
     <span class='ocr_line' id='line_1_29' title="bbox 235 2963 1293 3054; baseline -0.001 -20"><span class='ocrx_word' id='word_1_264' title='bbox 235 2971 283 3035; x_wconf 88' lang='lat' dir='ltr'><strong>Ac</strong></span> <span class='ocrx_word' id='word_1_265' title='bbox 297 2987 408 3036; x_wconf 86' lang='lat' dir='ltr'><strong>uersus</strong></span> <span class='ocrx_word' id='word_1_266' title='bbox 423 2968 554 3051; x_wconf 90' lang='lat' dir='ltr'><strong>quidem</strong></span> <span class='ocrx_word' id='word_1_267' title='bbox 572 2971 631 3034; x_wconf 77' lang='lat'><strong>785</strong></span> <span class='ocrx_word' id='word_1_268' title='bbox 644 2987 692 3050; x_wconf 91' lang='lat' dir='ltr'><strong>sq.</strong></span> <span class='ocrx_word' id='word_1_269' title='bbox 715 2973 844 3054; x_wconf 85' lang='lat' dir='ltr'><strong>propter</strong></span> <span class='ocrx_word' id='word_1_270' title='bbox 865 2965 1027 3034; x_wconf 86' lang='lat' dir='ltr'><strong>fortuitam</strong></span> <span class='ocrx_word' id='word_1_271' title='bbox 1048 2963 1161 3032; x_wconf 87' lang='lat' dir='ltr'><strong>horum</strong></span> <span class='ocrx_word' id='word_1_272' title='bbox 1184 2965 1293 3033; x_wconf 86' lang='lat' dir='ltr'><strong>simili-</strong></span> 
     </span>
     <span class='ocr_line' id='line_1_30' title="bbox 144 3070 287 3140; baseline -0.014 -2"><span class='ocrx_word' id='word_1_273' title='bbox 144 3070 287 3140; x_wconf 87' lang='lat' dir='ltr'><strong>tudinem</strong></span> 
     </span>
    </p>
   </div>
   <div class='ocr_carea' id='block_1_8' title="bbox 212 3183 1293 3436">
    <p class='ocr_par' dir='ltr' id='par_1_11' title="bbox 212 3183 1293 3436">
     <span class='ocr_line' id='line_1_31' title="bbox 215 3183 1293 3254; baseline -0.003 -13"><span class='ocrx_word' id='word_1_274' title='bbox 215 3187 300 3242; x_wconf 75' lang='lat' dir='ltr'><strong>uile:</strong></span> <span class='ocrx_word' id='word_1_275' title='bbox 319 3185 396 3254; x_wconf 76' lang='lat' dir='ltr'><strong>Quid,</strong></span> <span class='ocrx_word' id='word_1_276' title='bbox 414 3183 487 3240; x_wconf 83' lang='lat' dir='ltr'><strong>iildm</strong></span> <span class='ocrx_word' id='word_1_277' title='bbox 504 3184 705 3240; x_wconf 88' lang='lat' dir='ltr'><strong>meretricemne</strong></span> <span class='ocrx_word' id='word_1_278' title='bbox 723 3184 784 3241; x_wconf 81' lang='lat' dir='ltr'><strong>dese</strong></span> <span class='ocrx_word' id='word_1_279' title='bbox 802 3185 915 3240; x_wconf 71' lang='lat' dir='ltr'><strong>censes?</strong></span> <span class='ocrx_word' id='word_1_280' title='bbox 941 3184 1015 3240; x_wconf 80' lang='lat' dir='ltr'>NIG:</span> <span class='ocrx_word' id='word_1_281' title='bbox 1033 3183 1178 3254; x_wconf 61' lang='lat' dir='ltr'><strong>quippini?</strong></span> <span class='ocrx_word' id='word_1_282' title='bbox 1244 3189 1293 3239; x_wconf 82' lang='grc'><strong>839</strong></span> 
     </span>
     <span class='ocr_line' id='line_1_32' title="bbox 213 3265 1199 3346; baseline -0.003 -20"><span class='ocrx_word' id='word_1_283' title='bbox 213 3271 300 3326; x_wconf 83' lang='lat' dir='ltr'>GHR:</span> <span class='ocrx_word' id='word_1_284' title='bbox 319 3271 467 3326; x_wconf 85' lang='lat' dir='ltr'><strong>Frustrd’s.</strong></span> <span class='ocrx_word' id='word_1_285' title='bbox 493 3269 568 3324; x_wconf 82' lang='lat' dir='ltr'>NIC:</span> <span class='ocrx_word' id='word_1_286' title='bbox 588 3269 652 3337; x_wconf 80' lang='lat' dir='ltr'><strong>Quis</strong></span> <span class='ocrx_word' id='word_1_287' title='bbox 666 3270 747 3338; x_wconf 76' lang='lat' dir='ltr'><strong>igitur</strong></span> <span class='ocrx_word' id='word_1_288' title='bbox 758 3270 924 3346; x_wconf 75' lang='lat' dir='ltr'><strong>opsecrona</strong></span> <span class='ocrx_word' id='word_1_289' title='bbox 943 3269 1028 3324; x_wconf 85' lang='lat' dir='ltr'>OHR:</span> <span class='ocrx_word' id='word_1_290' title='bbox 1047 3265 1199 3324; x_wconf 79' lang='lat' dir='ltr'><strong>inueneris:</strong></span> 
     </span>
     <span class='ocr_line' id='line_1_33' title="bbox 212 3353 1291 3436; baseline 0.001 -27"><span class='ocrx_word' id='word_1_291' title='bbox 212 3355 255 3410; x_wconf 88' lang='lat' dir='ltr'><strong>Ex</strong></span> <span class='ocrx_word' id='word_1_292' title='bbox 272 3354 447 3436; x_wconf 22' lang='lat' dir='ltr'><strong>*unii-quidem¹</strong></span> <span class='ocrx_word' id='word_1_293' title='bbox 459 3353 539 3409; x_wconf 88' lang='lat' dir='ltr'><strong>hodie</strong></span> <span class='ocrx_word' id='word_1_294' title='bbox 555 3357 700 3424; x_wconf 86' lang='lat' dir='ltr'><strong>numquam</strong></span> <span class='ocrx_word' id='word_1_295' title='bbox 717 3355 765 3412; x_wconf 84' lang='lat' dir='ltr'><strong>fies</strong></span> <span class='ocrx_word' id='word_1_296' title='bbox 784 3353 890 3412; x_wconf 77' lang='lat' dir='ltr'><strong>certior·</strong></span> <span class='ocrx_word' id='word_1_297' title='bbox 1244 3357 1291 3410; x_wconf 80' lang='lat'><strong>841</strong></span> 
     </span>
    </p>
   </div>
   <div class='ocr_carea' id='block_1_9' title="bbox 177 3461 1295 3575">
    <p class='ocr_par' dir='ltr' id='par_1_12' title="bbox 177 3461 1295 3575">
     <span class='ocr_line' id='line_1_34' title="bbox 246 3461 1295 3518; baseline -0.002 -11"><span class='ocrx_word' id='word_1_298' title='bbox 246 3461 305 3512; x_wconf 82' lang='lat'><strong>839.</strong></span> <span class='ocrx_word' id='word_1_299' title='bbox 324 3464 422 3518; x_wconf 87' lang='lat' dir='ltr'><strong>quippini</strong></span> <span class='ocrx_word' id='word_1_300' title='bbox 434 3463 563 3506; x_wconf 80' lang='lat' dir='ltr'><strong>fliteciieitue</strong></span> <span class='ocrx_word' id='word_1_301' title='bbox 576 3473 648 3516; x_wconf 76' lang='lat' dir='ltr'><strong>optino.</strong></span> <span class='ocrx_word' id='word_1_302' title='bbox 661 3462 704 3505; x_wconf 85' lang='lat' dir='ltr'><strong>noi.</strong></span> <span class='ocrx_word' id='word_1_303' title='bbox 714 3463 735 3506; x_wconf 89' lang='lat' dir='ltr'><strong>ii</strong></span> <span class='ocrx_word' id='word_1_304' title='bbox 741 3476 765 3516; x_wconf 82' lang='lat' dir='ltr'><strong>p.</strong></span> <span class='ocrx_word' id='word_1_305' title='bbox 773 3464 816 3505; x_wconf 81' lang='lat'><strong>667</strong></span> <span class='ocrx_word' id='word_1_306' title='bbox 830 3470 950 3517; x_wconf 79' lang='lat' dir='ltr'><strong>praeeunte</strong></span> <span class='ocrx_word' id='word_1_307' title='bbox 961 3461 1095 3506; x_wconf 80' lang='lat' dir='ltr'><strong>Camerario.</strong></span> <span class='ocrx_word' id='word_1_308' title='bbox 1118 3461 1222 3518; x_wconf 86' lang='lat' dir='ltr'><strong>quipponi</strong></span> <span class='ocrx_word' id='word_1_309' title='bbox 1235 3461 1295 3512; x_wconf 79' lang='lat' dir='ltr'><strong>iibri,</strong></span> 
     </span>
     <span class='ocr_line' id='line_1_35' title="bbox 177 3533 294 3575; baseline -0.017 0"><span class='ocrx_word' id='word_1_310' title='bbox 177 3533 294 3575; x_wconf 77' lang='lat' dir='ltr'><strong>editiones.</strong></span> 
     </span>
    </p>
   </div>
   <div class='ocr_carea' id='block_1_10' title="bbox 143 3626 1306 4018">
    <p class='ocr_par' dir='ltr' id='par_1_13' title="bbox 143 3626 1306 4018">
     <span class='ocr_line' id='line_1_36' title="bbox 143 3626 1293 3713; baseline -0.002 -17"><span class='ocrx_word' id='word_1_311' title='bbox 143 3628 279 3696; x_wconf 86' lang='lat' dir='ltr'><strong>calidius</strong></span> <span class='ocrx_word' id='word_1_312' title='bbox 294 3629 351 3695; x_wconf 93' lang='lat' dir='ltr'><strong>ille</strong></span> <span class='ocrx_word' id='word_1_313' title='bbox 366 3648 464 3711; x_wconf 89' lang='lat' dir='ltr'><strong>quam</strong></span> <span class='ocrx_word' id='word_1_314' title='bbox 484 3626 608 3696; x_wconf 82' lang='lat' dir='ltr'><strong>cautius</strong></span> <span class='ocrx_word' id='word_1_315' title='bbox 631 3627 765 3696; x_wconf 90' lang='lat' dir='ltr'><strong>coniecit</strong></span> <span class='ocrx_word' id='word_1_316' title='bbox 787 3633 819 3693; x_wconf 93' lang='lat' dir='ltr'><strong>et</strong></span> <span class='ocrx_word' id='word_1_317' title='bbox 839 3626 927 3713; x_wconf 90' lang='lat' dir='ltr'><strong>ipsos</strong></span> <span class='ocrx_word' id='word_1_318' title='bbox 948 3626 992 3693; x_wconf 90' lang='lat' dir='ltr'><strong>ad</strong></span> <span class='ocrx_word' id='word_1_319' title='bbox 1013 3629 1030 3694; x_wconf 85' lang='lat' dir='ltr'><strong>f</strong></span> <span class='ocrx_word' id='word_1_320' title='bbox 1032 3627 1135 3695; x_wconf 93' lang='lat' dir='ltr'><strong>inem</strong></span> <span class='ocrx_word' id='word_1_321' title='bbox 1158 3647 1293 3712; x_wconf 86' lang='lat' dir='ltr'><strong>scaenae</strong></span> 
     </span>
     <span class='ocr_line' id='line_1_37' title="bbox 143 3728 1294 3817; baseline -0.001 -19"><span class='ocrx_word' id='word_1_322' title='bbox 143 3737 299 3817; x_wconf 89' lang='lat' dir='ltr'><strong>spectare.</strong></span> <span class='ocrx_word' id='word_1_323' title='bbox 337 3730 506 3814; x_wconf 90' lang='lat' dir='ltr'><strong>Dupliccm</strong></span> <span class='ocrx_word' id='word_1_324' title='bbox 527 3728 624 3813; x_wconf 82' lang='lat' dir='ltr'><strong>igitur</strong></span> <span class='ocrx_word' id='word_1_325' title='bbox 644 3729 720 3796; x_wconf 92' lang='lat' dir='ltr'><strong>olim</strong></span> <span class='ocrx_word' id='word_1_326' title='bbox 742 3730 902 3798; x_wconf 85' lang='lat' dir='ltr'><strong>exstitisse</strong></span> <span class='ocrx_word' id='word_1_327' title='bbox 925 3729 1068 3796; x_wconf 87' lang='lat' dir='ltr'><strong>eiusdem</strong></span> <span class='ocrx_word' id='word_1_328' title='bbox 1097 3730 1233 3796; x_wconf 84' lang='lat' dir='ltr'><strong>exitum:</strong></span> <span class='ocrx_word' id='word_1_329' title='bbox 1261 3730 1294 3797; x_wconf 94' lang='lat' dir='ltr'><strong>in</strong></span> 
     </span>
     <span class='ocr_line' id='line_1_38' title="bbox 144 3830 1293 3917; baseline 0.003 -20"><span class='ocrx_word' id='word_1_330' title='bbox 144 3833 246 3898; x_wconf 88' lang='lat' dir='ltr'><strong>altero</strong></span> <span class='ocrx_word' id='word_1_331' title='bbox 262 3839 336 3915; x_wconf 89' lang='lat' dir='ltr'><strong>post</strong></span> <span class='ocrx_word' id='word_1_332' title='bbox 357 3851 485 3898; x_wconf 88' lang='lat' dir='ltr'><strong>uersum</strong></span> <span class='ocrx_word' id='word_1_333' title='bbox 501 3833 562 3896; x_wconf 75' lang='lat' dir='ltr'><strong>sto</strong></span> <span class='ocrx_word' id='word_1_334' title='bbox 585 3835 789 3898; x_wconf 87' lang='lat' dir='ltr'><strong>consecutum</strong></span> <span class='ocrx_word' id='word_1_335' title='bbox 810 3851 882 3898; x_wconf 86' lang='lat' dir='ltr'><strong>esse</strong></span> <span class='ocrx_word' id='word_1_336' title='bbox 904 3852 934 3897; x_wconf 91' lang='lat' dir='ltr'><strong>u.</strong></span> <span class='ocrx_word' id='word_1_337' title='bbox 951 3834 1023 3914; x_wconf 81' lang='grc'>841,</span> <span class='ocrx_word' id='word_1_338' title='bbox 1046 3832 1080 3896; x_wconf 91' lang='lat' dir='ltr'><strong>in</strong></span> <span class='ocrx_word' id='word_1_339' title='bbox 1102 3830 1205 3897; x_wconf 85' lang='lat' dir='ltr'><strong>altero</strong></span> <span class='ocrx_word' id='word_1_340' title='bbox 1228 3852 1293 3917; x_wconf 89' lang='lat' dir='ltr'><strong>eos,</strong></span> 
     </span>
     <span class='ocr_line' id='line_1_39' title="bbox 144 3929 1306 4018; baseline -0.002 -18"><span class='ocrx_word' id='word_1_341' title='bbox 144 3934 198 4016; x_wconf 90' lang='lat' dir='ltr'><strong>qui</strong></span> <span class='ocrx_word' id='word_1_342' title='bbox 222 3953 305 3999; x_wconf 89' lang='lat' dir='ltr'><strong>nune</strong></span> <span class='ocrx_word' id='word_1_343' title='bbox 328 3929 407 3999; x_wconf 65' lang='lat' dir='ltr'><strong>sunt‘</strong></span> <span class='ocrx_word' id='word_1_344' title='bbox 425 3937 496 3999; x_wconf 83' lang='lat'><strong>785.</strong></span> <span class='ocrx_word' id='word_1_345' title='bbox 520 3936 592 3998; x_wconf 82' lang='grc'><strong>786.</strong></span> <span class='ocrx_word' id='word_1_346' title='bbox 634 3931 732 4014; x_wconf 87' lang='lat' dir='ltr'><strong>Atqui</strong></span> <span class='ocrx_word' id='word_1_347' title='bbox 762 3931 843 4000; x_wconf 87' lang='lat' dir='ltr'><strong>haec</strong></span> <span class='ocrx_word' id='word_1_348' title='bbox 871 3932 1049 4014; x_wconf 81' lang='lat' dir='ltr'><strong>argumenti</strong></span> <span class='ocrx_word' id='word_1_349' title='bbox 1077 3933 1306 4018; x_wconf 59' lang='lat' dir='ltr'><strong>congruentia„</strong></span> 
     </span>
    </p>
   </div>
   <div class='ocr_carea' id='block_1_11' title="bbox 233 4058 1230 4152">
    <p class='ocr_par' dir='ltr' id='par_1_14' title="bbox 233 4058 1230 4152">
     <span class='ocr_line' id='line_1_40' title="bbox 233 4058 1230 4152; baseline 0 -16"><span class='ocrx_word' id='word_1_350' title='bbox 233 4086 256 4149; x_wconf 86' lang='lat' dir='ltr'><strong>t)</strong></span> <span class='ocrx_word' id='word_1_351' title='bbox 274 4081 407 4152; x_wconf 76' lang='lat' dir='ltr'><strong>Philologi</strong></span> <span class='ocrx_word' id='word_1_352' title='bbox 424 4089 443 4137; x_wconf 91' lang='lat' dir='ltr'><strong>t.</strong></span> <span class='ocrx_word' id='word_1_353' title='bbox 460 4058 540 4137; x_wconf 71' lang='lat' dir='ltr'><strong>x&#39;vn</strong></span> <span class='ocrx_word' id='word_1_354' title='bbox 556 4098 583 4152; x_wconf 90' lang='lat' dir='ltr'><strong>p.</strong></span> <span class='ocrx_word' id='word_1_355' title='bbox 602 4086 649 4138; x_wconf 84' lang='lat' dir='ltr'><strong>nst</strong></span> <span class='ocrx_word' id='word_1_356' title='bbox 662 4099 734 4152; x_wconf 84' lang='lat' dir='ltr'><strong>sqq.;</strong></span> <span class='ocrx_word' id='word_1_357' title='bbox 755 4084 788 4139; x_wconf 95' lang='lat' dir='ltr'><strong>de</strong></span> <span class='ocrx_word' id='word_1_358' title='bbox 805 4082 858 4138; x_wconf 92' lang='lat' dir='ltr'><strong>hoc</strong></span> <span class='ocrx_word' id='word_1_359' title='bbox 875 4083 936 4138; x_wconf 92' lang='lat' dir='ltr'><strong>loco</strong></span> <span class='ocrx_word' id='word_1_360' title='bbox 954 4081 1110 4151; x_wconf 88' lang='lat' dir='ltr'><strong>disputatur</strong></span> <span class='ocrx_word' id='word_1_361' title='bbox 1126 4097 1152 4150; x_wconf 91' lang='lat' dir='ltr'><strong>p.</strong></span> <span class='ocrx_word' id='word_1_362' title='bbox 1172 4086 1230 4138; x_wconf 78' lang='lat'>269.</span> 
     </span>
    </p>
   </div>
   <div class='ocr_carea' id='block_1_12' title="bbox 0 0 1544 4748">
    <p class='ocr_par' dir='ltr' id='par_1_15' title="bbox 0 0 1544 4748">
     <span class='ocr_line' id='line_1_41' title="bbox 0 0 1544 4748; baseline 0 0"><span class='ocrx_word' id='word_1_363' title='bbox 0 0 1544 4748; x_wconf 95' lang='lat' dir='ltr'><strong> </strong></span> 
     </span>
    </p>
   </div>
  </div>
 </body>
</html>
