3080 4748
326 331 369 386 De
386 329 554 386 Bacchidum
572 324 715 384 Plautinae
733 329 927 392 retractatione
946 329 1078 384 scaenica.
1096 379 1098 386 ,
1235 326 1276 386 93

121 506 223 588 enim,
253 524 330 570 num
352 501 566 568 Mnesilochus
595 501 697 568 amico
723 502 897 568 Pistoclero
927 499 1050 583 aliquid
1079 521 1277 568 nummorum

112 605 307 674 ‘condonare
328 604 490 676 inanimo
512 604 626 686 habet,
656 622 718 685 quo
740 602 877 684 gratiam
903 602 1065 688 persoluat
1092 624 1150 688 pro
1179 605 1274 670 bone·

121 707 244 773 uolenti
265 706 360 788 illius,
384 723 480 787 quam
503 706 618 771 absens
641 711 791 788 expertus
815 711 899 786 erat,
921 705 1041 787 opera?
1077 706 1127 770 An
1148 726 1276 772 seruum

122 810 193 874 uult
218 814 347 893 propter
373 805 528 873 beneficia
556 812 688 891 accepta
717 826 813 871 manu
842 805 992 871 mittere?
1030 806 1171 898 Quorum
1199 827 1274 874 ncu-

61 919 67 930 '
122 918 206 986 trum
229 931 269 976 ex
291 910 363 994 ipsa
385 929 419 974 re
441 909 539 974 ullam
562 908 660 974 habet
682 905 989 976 commendationem
1015 927 1120 989 noque
1148 911 1181 975 in
1209 915 1276 976 tota

122 1013 234 1079 fabula
253 1000 358 1078 simile
379 1011 548 1094 quicquam
571 1010 696 1094 legitur.
730 1009 815 1088 Quid
836 1009 932 1090 igitur
954 1012 1068 1101 uolunt·
1085 1011 1147 1076 sibi
1169 1031 1275 1076 cumn·

123 1115 211 1180 latae
226 1113 302 1178 illae
318 1112 564 1195 exhortationes,
588 1113 703 1194 quibus
720 1111 789 1196 ipsc
811 1131 847 1176 so
869 1118 1063 1196 praemonet,
1086 1129 1127 1178 ne
1149 1114 1275 1196 ingrato

122 1216 230 1281 animo
246 1214 379 1280 uitiosus
393 1213 548 1297 pecuniae
563 1215 668 1298 potius
683 1219 793 1298 parcat
808 1232 903 1294 quam
919 1215 1048 1280 lamae?
1085 1215 1176 1278 Nunc
1191 1216 1275 1282 enim

122 1318 243 1382 instare
260 1315 458 1382 occasionem
481 1315 722 1408 benefaciendi
745 1317 798 1381 uel
820 1316 902 1381 adeo
925 1336 1082 1381 summum
1105 1316 1274 1384 discrimen
1358 1328 1362 1335 ’

124 1417 252 1485 uirtutis
267 1425 322 1484 aut
337 1416 474 1483 tuendae
489 1421 543 1483 aut
560 1416 755 1482 obiciendae.
793 1416 900 1494 Quid?
922 1417 1007 1499 quod
1029 1420 1101 1501 ipsa
1123 1419 1275 1485 librorum

124 1520 315 1603 memoria1)
337 1518 380 1585 ad
403 1518 510 1586 oculos
539 1521 605 1584 fere
636 1518 853 1584 demonstrare
882 1517 1024 1602 uidetur,
1054 1541 1170 1586 nexam
1199 1522 1275 1588 olim

123 1622 222 1688 fuisse
245 1623 286 1687 ad
308 1621 369 1689 boc
391 1621 573 1705 exemplum
596 1639 707 1687 uersus
729 1623 790 1684 403
813 1611 1022 1704 posteriorem
1049 1626 1174 1705 partem
1204 1643 1275 1688 oum

125 1743 238 1790 uersus
257 1727 316 1789 393
340 1723 510 1808 principio:

126 1873 263 1956 qondigne
280 1872 303 1926 is
321 1888 402 1940 quam
419 1871 562 1926 techinamv
575 1873 608 1926 dc
626 1889 692 1928 auro
710 1873 857 1927 adudrsum
875 1889 963 1926 meum
980 1873 1046 1928 fecit
1063 1878 1175 1943 patrem,
1226 1877 1274 1926 392

125 1958 162 2012 Ut
180 1958 245 2011 mihi
262 1953 364 2012 amanti
382 1957 462 2026 copia
479 1963 558 2012 esset.
587 1955 635 2010 sed
653 1973 733 2013 eccos
752 1957 830 2013 uideo
849 1955 975 2012 ince'dere
1122 1963 1191 2013 393¹.
1211 1956 1274 2012 403¹³

124 2043 234 2101 Patrem
252 2041 351 2097 sodalis
370 2039 397 2095 o't
415 2042 579 2109 magistrum.
607 2041 670 2096 hinc
689 2041 850 2096 auscultabo
868 2045 949 2111 quam
966 2059 1022 2097 rem
1041 2048 1131 2112 agant.
1225 2049 1276 2098 404

210 2181 280 2244 Iam
303 2179 491 2245 difficillima
512 2180 712 2246 subnascitur
734 2179 896 2263 quaestio,
921 2199 984 2262 quo
1006 2186 1148 2264 tempore
1172 2199 1276 2262 quoue

125 2287 255 2348 auctore
276 2282 350 2363 illa,
373 2300 455 2362 quae
478 2288 698 2366 expunxerunt
720 2280 875 2364 editores,
898 2282 1094 2348 succreuisse
1116 2283 1277 2348 censenda

31 2455 33 2464 ,
124 2383 197 2448 sint.
232 2383 284 2449 De
297 2383 523 2467 interpolatore
540 2383 678 2464 quodam
694 2384 860 2468 cogitabis,
883 2385 938 2467 qui
954 2404 1060 2455 rerum
1076 2404 1193 2450 nexum
1215 2405 1278 2452 non

124 2485 204 2550 satis
218 2486 426 2570 perspexerit.
464 2485 639 2551 Dissuadet
660 2492 767 2552 tamen
787 2487 1017 2553 ¹sententiarum
1040 2487 1191 2572 grauitas,
1213 2507 1277 2553 ser-

124 2587 229 2653 monis
250 2587 341 2669 nitor,
364 2605 566 2652 numerorum
588 2587 764 2672 elegantia:
788 2587 961 2681 dissuadet,
984 2588 1018 2654 id
1041 2590 1127 2671 quod
1149 2590 1277 2672 grauius
1327 2583 1330 2586 ’

124 2693 191 2770 est,
220 2687 361 2772 ipsarum
383 2709 489 2754 rerum
515 2707 597 2771 quae
626 2690 845 2774 exprimuntur
872 2691 1015 2772 nouitas,
1044 2711 1064 2755 a
1093 2692 1277 2773 uulgaribns

123 2789 332 2874 interpretum
354 2791 544 2873 ambagibus
566 2792 772 2857 alienissima.
796 2827 837 2835 -
859 2790 911 2855 Ad
933 2797 1172 2856 retractatorum
1204 2812 1276 2857 con-

123 2891 271 2974 fugiesb.
308 2893 351 2956 At
365 2891 398 2956 in
413 2899 552 2959 mentem
575 2912 705 2959 reuoces
729 2893 836 2974 uelim,
859 2910 942 2973 qnae
965 2890 1004 2956 de
1027 2891 1121 2957 buius
1143 2892 1204 2957 loci
1227 2913 1275 2958 ar-

124 2999 275 3075 gumento
291 2992 439 3059 diximus.
473 2995 524 3059 An
539 3015 613 3061 uero
630 3014 734 3060 meras
756 2993 894 3077 ineptias
916 2992 1029 3077 credis,
1053 2995 1170 3080 quippe
1194 3014 1276 3077 quae

125 3112 197 3159 cum
219 3100 407 3179 argumento
425 3116 544 3177 eornm,
568 3115 650 3180 quae
672 3095 705 3160 in
727 3114 844 3161 scaena
867 3101 1046 3179 agerentur,
1070 3097 1158 3162 nullo
1180 3097 1275 3166 modo

125 3195 288 3262 conciliari
310 3204 450 3280 possent,
473 3217 528 3262 eos
552 3197 606 3279 qui
628 3197 753 3262 fabulas
774 3197 880 3262 Plauti
902 3198 1056 3264 referrent
1077 3200 1276 3268 sermonibus

125 3297 206 3363 ultro
223 3297 431 3364 admiscuisse
446 3299 535 3366 uelut
549 3297 752 3364 condimenta
774 3299 1001 3364 excultioribus
1018 3299 1176 3364 Graecula
1198 3319 1274 3382 qua-

127 3397 199 3464 dam
215 3399 413 3465 humanitate
428 3405 643 3484 spectatorum
659 3401 788 3465 auribus
804 3399 1027 3482 degustanda?
1057 3399 1150 3480 Quod
1166 3423 1275 3486 quam-

212 3654 237 3716 1)
261 3651 342 3704 teil:
367 3651 415 3713 fed
437 3667 529 3707 eccum
547 3651 627 3707 uideo
649 3650 813 3707 incedereB
838 3666 899 3705 cum
922 3651 980 3706 rell.
1016 3654 1097 3708 403¹&
1122 3655 1170 3718 fed
1191 3658 1282 3724 equos

127 3722 285 3838 (eiboch)
307 3751 387 3808 uideo
406 3753 530 3808 incedere
545 3754 585 3826 B,
608 3759 767 3850 utrumque.
791 3751 922 3820 siquidem
944 3753 1011 3808 fides
1035 3755 1159 3810 habenda
1182 3755 1297 3812 Botbii

562 3906 610 3970 aa
626 3854 708 3968 ortt
720 3837 800 3960 sets
818 3838 979 3961 'laedet

210 3992 237 4054 2)
255 3987 296 4043 Ol.
309 3988 452 4044 Ritschelii
464 3990 554 4045 adnot.
566 3990 595 4044 in
608 3989 670 4045 edit.
697 3991 801 4046 Eadem
813 3991 920 4046 uidetur
933 3989 1037 4044 Goetcii
1055 4004 1114 4044 esse
1131 3995 1273 4063 sententia,

126 4070 158 4126 de
174 4072 282 4142 dittogr.
299 4089 326 4142 p.
344 4077 403 4129 286.

127 3869 304 3936 coniecturae,
323 3876 481 3942 corruptum
494 3887 539 3927 ex:
