3092 4756
207 342 268 406 180
597 333 773 392 Gnaltharius
790 331 963 422 Brachmann

201 518 269 582 iata
291 513 349 580 illa
370 528 498 593 quoque
520 529 556 576 se
579 505 764 592 exceperint
786 504 914 588 ordine,
938 503 978 571 de
1000 501 1050 570 his
1076 501 1223 570 omnibus
1253 503 1357 570 multa

202 623 235 683 et
257 611 477 682 diuersissima
498 609 586 696 apud
613 615 739 676 ueteres
762 607 1076 689 circumferebantnr;
1108 603 1195 690 quod
1224 623 1357 689 cognos-

204 736 275 784 cere
296 716 372 783 lieet
394 734 413 781 o
429 712 565 782 Seruii
587 708 830 794 commentariis,
847 709 902 793 qni
916 708 959 776 ad
973 705 1092 790 Vergil.
1107 708 1186 780 Aen.
1202 707 1234 773 11
1251 710 1289 772 13
1305 725 1355 788 sq.

203 866 337 884 .....
360 813 474 880 Praeti
492 814 572 877 bello
584 811 733 898 satisque
750 809 873 895 repulsi
890 802 1052 873 Ductores
1065 806 1215 872 Danaum
1231 817 1279 870 tot
1293 810 1358 872 iam

201 917 373 982 labentibus
410 921 500 980 annis
527 914 634 979 Instar
661 913 774 976 montis
809 931 919 995 equam
942 960 1075 978 .....
1097 910 1180 977 haec
1206 906 1357 976 adnotat:

205 1018 358 1084 Oracule's.
381 1017 556 1083 Secundam
578 1015 729 1080 Plantam
750 1011 871 1075 tribas:
893 1013 957 1075 cita
979 1011 1100 1075 scilicet
1118 1011 1228 1084 Troili,
1244 1009 1357 1073 Palla·

202 1123 249 1184 dit
268 1121 513 1190 conservatione,
537 1119 660 1200 integro
682 1113 828 1198 sepulcra
849 1107 1085 1186 Laumedontis,
1110 1111 1195 1198 qaod
1207 1113 1239 1175 ia
1254 1109 1357 1175 Scaea

110 1217 114 1230 '
199 1233 298 1307 parta
312 1221 400 1304 saite
421 1230 458 1282 at
477 1219 509 1282 ia
530 1216 743 1282 Bacchidibus
764 1215 875 1278 lectum
890 1225 946 1278 est.
985 1213 1162 1278 Secundam
1184 1214 1265 1277 alios
1279 1234 1358 1278 aero

198 1322 363 1409 pluribus:
391 1332 427 1385 ut
453 1320 492 1383 de
522 1321 624 1384 Aeaci
641 1328 733 1404 pente
754 1319 868 1402 aliquis
894 1318 1072 1390 interesset,
1103 1314 1185 1379 ande
1210 1312 1360 1400 Pyrrhus

202 1423 371 1488 admodum
388 1443 472 1507 puer
493 1431 640 1488 caecatas
662 1419 705 1484 aa
726 1419 836 1482 bellam
859 1429 921 1493 est,·
942 1428 978 1481 ut
998 1417 1102 1481 Blaesi
1121 1419 1196 1502 equi
1208 1417 1358 1480 tolleren-

203 1536 256 1589 tur
277 1521 318 1610 [a
351 1521 522 1610 Graecas],·
551 1534 587 1586 ut
608 1521 757 1586 Herculis
784 1522 971 1583 interessent
995 1521 1145 1604 sagittae,
1175 1539 1252 1603 qnos
1273 1518 1357 1580 misit

203 1627 392 1692 Philoctetes
414 1621 545 1710 [quibas
567 1623 664 1688 Paris
681 1631 864 1707 peremptus
886 1630 932 1683 est
932 1617 961 1705 J,
984 1641 1053 1683 cam
1075 1623 1142 1706 ipse
1161 1640 1223 1683 nan
1235 1621 1356 1705 potuis-

203 1739 253 1792 set
274 1725 396 1811 afferre
417 1736 518 1789 marte
537 1722 769 1810 praecantas.¹)
812 1722 906 1803 Quod
927 1743 1005 1790 uero
1026 1722 1120 1791 teriia
1138 1722 1209 1788 loco
1225 1721 1356 1788 Seruius

201 1829 309 1896 adfert
330 1829 431 1895 saturn
454 1827 607 1894 recedens
629 1825 829 1906 aliquantum
858 1845 878 1890 a
899 1825 1006 1891 Plauti
1032 1823 1139 1891 uerbis
1169 1822 1356 1909 explicatio-

203 1950 278 1996 nem
306 1928 405 1995 habel
435 1946 475 1992 ex
506 1926 578 1993 aliis
606 1925 732 1993 duobus
755 1926 859 1994 Seruii
886 1924 1356 2004 loeis:ad,Aeneid.11241:

204 2029 362 2092 Nouimus
390 2029 548 2112 (integra)
577 2027 721 2112 sepulcra
744 2025 986 2100 Laomedontis,
1010 2026 1096 2111 qaod
1113 2045 1208 2109 suaper
1225 2035 1358 2108 portam

203 2129 336 2194 Scaeam
347 2127 511 2211 sacrati)
534 2138 601 2192 tuta
615 2127 724 2212 samse
736 2128 816 2212 sata
843 2130 981 2193 Troiana
1007 2132 1040 2195 ei
1060 2128 1103 2195 ud
1124 2128 1204 2194 Aen.
1224 2129 1256 2194 Il
1279 2130 1357 2192 612:

203 2231 318 2294 Fatum
330 2230 405 2313 snit
425 2230 468 2294 ad
495 2233 623 2294 esitium
656 2231 772 2294 Troiae
793 2250 857 2309 per
886 2229 943 2294 lias
974 2229 1051 2310 (scil.
1083 2228 1218 2309 Scaeas)
1245 2237 1359 2313 portus

203 2352 316 2418 equam
338 2332 505 2396 introduci.
1352 2333 1356 2342 ’

289 2433 369 2498 Eam
392 2438 499 2498 autem
520 2431 615 2498 huius
637 2431 684 2497 rei
706 2431 908 2514 memoriam,
932 2451 1028 2514 quarn
1049 2432 1182 2498 Plautus
1205 2431 1265 2498 hoc
1285 2431 1357 2499 loca

204 2533 372 2618 amplexus
400 2538 465 2613 est,
494 2530 663 2616 probabile
692 2538 741 2599 est
769 2532 1058 2617 naeniisque
1091 2533 1265 2596 urciano
1294 2533 1357 2600 Ro·

205 2634 309 2700 munis
331 2631 524 2717 innotuisse,
545 2633 589 2700 ad
611 2651 708 2726 quarn
729 2633 928 2716 tragoediam
951 2633 1034 2700 hano
1055 2653 1206 2702 scaenam
1227 2634 1358 2700 rettule-

204 2741 277 2803 runt
292 2735 481 2805 wolckerus
503 2735 542 2798 de
563 2733 737 2819 trapoediis
756 2737 882 2820 praecis
902 2756 934 2820 p.
951 2738 1023 2817 523,
1045 2733 1250 2818 Ladewigius
1270 2735 1358 2797 Ana-

205 2838 287 2900 lecta
309 2837 452 2900 scaenica
475 2834 594 2921 (progr.
610 2854 716 2922 gymn.
733 2837 846 2904 Nauae
863 2835 1025 2904 Strelitiae
1047 2856 1077 2902 a.
1096 2836 1191 2920 1848)
1213 2856 1287 2921 pag.
1307 2841 1357 2920 11,

204 2937 242 3005 Ο.
259 2937 456 3005 Ribbeukius
479 2938 518 3000 de
534 2935 697 3022 tragoedia
712 2957 845 3012 romana
858 2956 933 3023 pag.
949 2940 1000 3003 48.
1030 2938 1171 3018 Quorum
1186 2937 1358 3022 sententia,

206 3037 235 3104 si
257 3058 320 3105 non
340 3043 467 3122 poterat
488 3037 684 3122 argumentis
705 3039 825 3123 refelli,
853 3045 887 3105 at
909 3045 993 3106 certe
1014 3058 1079 3104 nan
1108 3038 1236 3106 silentio
1262 3058 1358 3122 prae-

205 3134 362 3204 tereunda
391 3141 460 3202 erat
487 3137 697 3222 Kiesslingio,
727 3139 781 3223 qui
810 3139 953 3203 Analect.
978 3139 1082 3202 Plaat.
1104 3159 1137 3223 p.
1164 3143 1201 3203 14
1216 3157 1285 3224 sqq.
1316 3161 1357 3208 cx

205 3238 278 3322 ipsa
299 3235 497 3306 Menandrea
523 3237 633 3314 fabula
662 3238 770 3304 omnia
796 3239 855 3305 illa
875 3240 1008 3309 fluxisse
1029 3245 1182 3308 autumat.
1226 3242 1358 3308 Menan·

208 3339 302 3406 drnm
325 3340 410 3407 enim
432 3359 581 3424 graecam
604 3339 764 3421 quandam
793 3341 993 3425 tragoediam
1015 3342 1173 3428 tetigisse,
1195 3341 1286 3409 euius
1308 3363 1359 3410 ar-

206 3444 392 3520 gumentum
420 3441 608 3508 accessisset
624 3441 673 3507 ad
694 3433 791 3506 'litae
820 3445 979 3529 Πέρσεως
1007 3443 1255 3510 similitudinem.
1307 3444 1360 3510 Ex

208 3539 270 3606 hae
291 3538 459 3623 tragoedia
480 3541 596 3609 heusta
617 3543 715 3611 fnisse
745 3563 952 3626 quaecunque
980 3544 1022 3611 ad
1050 3544 1240 3613 malliacus
1267 3563 1358 3630 spee-

208 3641 310 3709 tantia
336 3641 369 3706 in
398 3639 460 3706 hac
492 3661 610 3710 scaena
638 3645 828 3728 legerentur.
879 3646 1010 3714 Praeter
1038 3644 1231 3730 exemplaris
1260 3645 1359 3712 fidem

207 3743 357 3812 Plautum
389 3742 469 3810 nihil
502 3742 660 3812 adiecisse
691 3746 753 3812 nisi
785 3765 896 3815 uersus
924 3747 1093 3813 941-944
1123 3751 1156 3811 et
1178 3750 1358 3815 oto-978.
1438 3827 1447 3840 ,

279 3978 303 4040 1)
320 3973 436 4031 Reddidi
445 3975 626 4032 Seruiiuerba
635 3976 710 4032 exH.
721 3978 754 4031 A.
764 3978 854 4034 Lionii
863 3977 1131 4049 editione'Gottingae
1142 3980 1238 4036 emissa
1247 3995 1272 4038 a.
1284 3985 1359 4037 1826.

277 4062 304 4125 2)
322 4057 363 4114 De
380 4058 480 4118 hacce
497 4060 560 4118 uida
576 4060 769 4130 Kiesslingium
785 4064 864 4120 Anel.
881 4065 970 4120 Plaut.
989 4068 1070 4150 pale.
