<?xml version="1.0" encoding="UTF-8"?>
<!DOCTYPE html PUBLIC "-//W3C//DTD XHTML 1.0 Transitional//EN"
    "http://www.w3.org/TR/xhtml1/DTD/xhtml1-transitional.dtd">
<html xmlns="http://www.w3.org/1999/xhtml" xml:lang="en" lang="en">
 <head>
  <title>
</title>
<meta http-equiv="Content-Type" content="text/html;charset=utf-8" />
  <meta name='ocr-system' content='tesseract 3.04.00' />
  <meta name='ocr-capabilities' content='ocr_page ocr_carea ocr_par ocr_line ocrx_word'/>
</head>
<body>
  <div class='ocr_page' id='page_1' title='image "./debacchidumplau00bracgoog_0126.png"; bbox 0 0 3092 4756; ppageno 0'>
   <div class='ocr_carea' id='block_1_1' title="bbox 343 297 1287 360">
    <p class='ocr_par' dir='ltr' id='par_1_1' title="bbox 343 297 1287 360">
     <span class='ocr_line' id='line_1_1' title="bbox 343 297 1287 360; baseline 0.002 -3"><span class='ocrx_word' id='word_1_1' title='bbox 343 304 385 358; x_wconf 87' lang='lat' dir='ltr'>De</span> <span class='ocrx_word' id='word_1_2' title='bbox 401 302 568 358; x_wconf 82' lang='lat' dir='ltr'>Bacchidem</span> <span class='ocrx_word' id='word_1_3' title='bbox 585 301 728 357; x_wconf 75' lang='lat' dir='ltr'>Plautinae</span> <span class='ocrx_word' id='word_1_4' title='bbox 745 301 939 357; x_wconf 77' lang='lat' dir='ltr'>retractatione</span> <span class='ocrx_word' id='word_1_5' title='bbox 957 301 1090 356; x_wconf 84' lang='lat' dir='ltr'>scaenica.</span> <span class='ocrx_word' id='word_1_6' title='bbox 1229 297 1287 360; x_wconf 84' lang='lat'>171</span> 
     </span>
    </p>
   </div>
   <div class='ocr_carea' id='block_1_2' title="bbox 138 471 1297 2285">
    <p class='ocr_par' dir='ltr' id='par_1_2' title="bbox 138 471 1295 1053">
     <span class='ocr_line' id='line_1_2' title="bbox 138 471 1293 561; baseline -0.003 -17"><span class='ocrx_word' id='word_1_7' title='bbox 138 476 291 561; x_wconf 90' lang='lat' dir='ltr'>quoniam</span> <span class='ocrx_word' id='word_1_8' title='bbox 314 474 429 542; x_wconf 86' lang='lat' dir='ltr'>eadem</span> <span class='ocrx_word' id='word_1_9' title='bbox 450 475 535 540; x_wconf 86' lang='lat' dir='ltr'>inest</span> <span class='ocrx_word' id='word_1_10' title='bbox 555 473 589 540; x_wconf 91' lang='lat' dir='ltr'>in</span> <span class='ocrx_word' id='word_1_11' title='bbox 610 495 641 540; x_wconf 92' lang='lat' dir='ltr'>u.</span> <span class='ocrx_word' id='word_1_12' title='bbox 660 472 729 538; x_wconf 72' lang='lat' dir='ltr'>XL*</span> <span class='ocrx_word' id='word_1_13' title='bbox 753 473 920 538; x_wconf 87' lang='lat' dir='ltr'>sententia.</span> <span class='ocrx_word' id='word_1_14' title='bbox 963 471 1073 552; x_wconf 83' lang='lat' dir='ltr'><strong>Quid?</strong></span> <span class='ocrx_word' id='word_1_15' title='bbox 1102 492 1214 540; x_wconf 87' lang='lat' dir='ltr'>uersus</span> <span class='ocrx_word' id='word_1_16' title='bbox 1235 473 1293 540; x_wconf 93' lang='lat' dir='ltr'>ille</span> 
     </span>
     <span class='ocr_line' id='line_1_3' title="bbox 138 572 1294 661; baseline -0.004 -14"><span class='ocrx_word' id='word_1_17' title='bbox 138 579 273 661; x_wconf 88' lang='lat' dir='ltr'>XXXV,</span> <span class='ocrx_word' id='word_1_18' title='bbox 287 597 382 660; x_wconf 93' lang='lat' dir='ltr'>quem</span> <span class='ocrx_word' id='word_1_19' title='bbox 394 574 572 661; x_wconf 81' lang='lat' dir='ltr'>apparebat</span> <span class='ocrx_word' id='word_1_20' title='bbox 588 595 652 641; x_wconf 90' lang='lat' dir='ltr'>non</span> <span class='ocrx_word' id='word_1_21' title='bbox 662 592 753 639; x_wconf 88' lang='lat' dir='ltr'>suam</span> <span class='ocrx_word' id='word_1_22' title='bbox 764 572 909 640; x_wconf 90' lang='lat' dir='ltr'>obtinere</span> <span class='ocrx_word' id='word_1_23' title='bbox 920 573 1039 658; x_wconf 88' lang='lat' dir='ltr'>sedem,</span> <span class='ocrx_word' id='word_1_24' title='bbox 1052 595 1124 642; x_wconf 88' lang='lat' dir='ltr'>cum</span> <span class='ocrx_word' id='word_1_25' title='bbox 1135 577 1214 644; x_wconf 85' lang='lat' dir='ltr'>satis</span> <span class='ocrx_word' id='word_1_26' title='bbox 1225 576 1294 643; x_wconf 90' lang='lat' dir='ltr'>ido-</span> 
     </span>
     <span class='ocr_line' id='line_1_4' title="bbox 139 674 1295 757; baseline -0.002 -9"><span class='ocrx_word' id='word_1_27' title='bbox 139 701 237 748; x_wconf 92' lang='lat' dir='ltr'>neum</span> <span class='ocrx_word' id='word_1_28' title='bbox 251 680 358 747; x_wconf 92' lang='lat' dir='ltr'>locum</span> <span class='ocrx_word' id='word_1_29' title='bbox 372 678 516 746; x_wconf 90' lang='lat' dir='ltr'>inuenire</span> <span class='ocrx_word' id='word_1_30' title='bbox 530 680 668 757; x_wconf 84' lang='lat' dir='ltr'>nequeat</span> <span class='ocrx_word' id='word_1_31' title='bbox 682 674 744 742; x_wconf 91' lang='lat' dir='ltr'>nisi</span> <span class='ocrx_word' id='word_1_32' title='bbox 754 675 787 740; x_wconf 92' lang='lat' dir='ltr'>iu</span> <span class='ocrx_word' id='word_1_33' title='bbox 801 674 948 742; x_wconf 89' lang='lat' dir='ltr'>uersibus</span> <span class='ocrx_word' id='word_1_34' title='bbox 957 675 1076 743; x_wconf 88' lang='lat' dir='ltr'>alicubi</span> <span class='ocrx_word' id='word_1_35' title='bbox 1087 677 1295 746; x_wconf 87' lang='lat' dir='ltr'>XX-XXII</span> 
     </span>
     <span class='ocr_line' id='line_1_5' title="bbox 139 775 1294 868; baseline 0.001 -22"><span class='ocrx_word' id='word_1_36' title='bbox 139 819 182 830; x_wconf 88' lang='lat'>-</span> <span class='ocrx_word' id='word_1_37' title='bbox 197 780 390 868; x_wconf 88' lang='lat' dir='ltr'>praecedere</span> <span class='ocrx_word' id='word_1_38' title='bbox 413 778 498 848; x_wconf 90' lang='lat' dir='ltr'>enim</span> <span class='ocrx_word' id='word_1_39' title='bbox 520 782 654 861; x_wconf 89' lang='lat' dir='ltr'>oportet,</span> <span class='ocrx_word' id='word_1_40' title='bbox 686 775 801 859; x_wconf 89' lang='lat' dir='ltr'>quibus</span> <span class='ocrx_word' id='word_1_41' title='bbox 823 775 953 844; x_wconf 89' lang='lat' dir='ltr'>definite</span> <span class='ocrx_word' id='word_1_42' title='bbox 974 777 1102 844; x_wconf 90' lang='lat' dir='ltr'>ueniam</span> <span class='ocrx_word' id='word_1_43' title='bbox 1125 778 1216 845; x_wconf 86' lang='lat' dir='ltr'>illam</span> <span class='ocrx_word' id='word_1_44' title='bbox 1238 779 1294 848; x_wconf 92' lang='lat' dir='ltr'>de·</span> 
     </span>
     <span class='ocr_line' id='line_1_6' title="bbox 140 878 1295 966; baseline -0.002 -17"><span class='ocrx_word' id='word_1_45' title='bbox 140 883 435 966; x_wconf 82' lang='lat' dir='ltr'>negetNicobulus</span> <span class='ocrx_word' id='word_1_46' title='bbox 457 880 587 946; x_wconf 88' lang='lat' dir='ltr'>—illic</span> <span class='ocrx_word' id='word_1_47' title='bbox 615 887 722 946; x_wconf 90' lang='lat' dir='ltr'>tamen</span> <span class='ocrx_word' id='word_1_48' title='bbox 748 878 852 944; x_wconf 91' lang='lat' dir='ltr'>ubiuis</span> <span class='ocrx_word' id='word_1_49' title='bbox 874 898 947 945; x_wconf 90' lang='lat' dir='ltr'>eum</span> <span class='ocrx_word' id='word_1_50' title='bbox 970 879 1195 963; x_wconf 87' lang='lat' dir='ltr'>conlocaueris,</span> <span class='ocrx_word' id='word_1_51' title='bbox 1219 881 1295 948; x_wconf 95' lang='lat' dir='ltr'>uide</span> 
     </span>
     <span class='ocr_line' id='line_1_7' title="bbox 142 979 1249 1053; baseline -0.003 -2"><span class='ocrx_word' id='word_1_52' title='bbox 142 1007 182 1053; x_wconf 91' lang='lat' dir='ltr'>ne</span> <span class='ocrx_word' id='word_1_53' title='bbox 205 984 369 1051; x_wconf 84' lang='lat' dir='ltr'>molestior</span> <span class='ocrx_word' id='word_1_54' title='bbox 391 981 510 1050; x_wconf 85' lang='lat' dir='ltr'>euadat</span> <span class='ocrx_word' id='word_1_55' title='bbox 531 980 711 1049; x_wconf 73' lang='lat' dir='ltr'>tententiae</span> <span class='ocrx_word' id='word_1_56' title='bbox 730 1001 803 1046; x_wconf 93' lang='lat' dir='ltr'>cum</span> <span class='ocrx_word' id='word_1_57' title='bbox 825 979 928 1048; x_wconf 91' lang='lat' dir='ltr'>uicino</span> <span class='ocrx_word' id='word_1_58' title='bbox 950 1001 981 1046; x_wconf 88' lang='lat' dir='ltr'>u.</span> <span class='ocrx_word' id='word_1_59' title='bbox 996 982 1077 1046; x_wconf 93' lang='lat' dir='ltr'>XXI</span> <span class='ocrx_word' id='word_1_60' title='bbox 1090 981 1249 1048; x_wconf 85' lang='lat' dir='ltr'>adfinitas.</span> 
     </span>
    </p>

    <p class='ocr_par' dir='ltr' id='par_1_3' title="bbox 142 1082 1297 1458">
     <span class='ocr_line' id='line_1_8' title="bbox 203 1082 1295 1170; baseline -0.004 -18"><span class='ocrx_word' id='word_1_61' title='bbox 203 1085 304 1167; x_wconf 87' lang='lat' dir='ltr'>Atqui</span> <span class='ocrx_word' id='word_1_62' title='bbox 315 1083 492 1170; x_wconf 87' lang='lat' dir='ltr'>suspicetur</span> <span class='ocrx_word' id='word_1_63' title='bbox 503 1085 585 1151; x_wconf 88' lang='lat' dir='ltr'>forte</span> <span class='ocrx_word' id='word_1_64' title='bbox 597 1082 756 1166; x_wconf 87' lang='lat' dir='ltr'>quispiam</span> <span class='ocrx_word' id='word_1_65' title='bbox 767 1082 993 1166; x_wconf 88' lang='lat' dir='ltr'>interpolatum</span> <span class='ocrx_word' id='word_1_66' title='bbox 1004 1102 1074 1150; x_wconf 89' lang='lat' dir='ltr'>esse</span> <span class='ocrx_word' id='word_1_67' title='bbox 1086 1088 1119 1149; x_wconf 93' lang='lat' dir='ltr'>et</span> <span class='ocrx_word' id='word_1_68' title='bbox 1130 1103 1159 1150; x_wconf 91' lang='lat' dir='ltr'>u.</span> <span class='ocrx_word' id='word_1_69' title='bbox 1168 1084 1295 1149; x_wconf 90' lang='lat' dir='ltr'>XXXV</span> 
     </span>
     <span class='ocr_line' id='line_1_9' title="bbox 143 1183 1293 1270; baseline -0.003 -14"><span class='ocrx_word' id='word_1_70' title='bbox 143 1195 174 1256; x_wconf 92' lang='lat' dir='ltr'>et</span> <span class='ocrx_word' id='word_1_71' title='bbox 186 1186 328 1254; x_wconf 89' lang='lat' dir='ltr'>XXXVI</span> <span class='ocrx_word' id='word_1_72' title='bbox 344 1204 516 1270; x_wconf 91' lang='lat' dir='ltr'>eorumque</span> <span class='ocrx_word' id='word_1_73' title='bbox 531 1183 565 1248; x_wconf 93' lang='lat' dir='ltr'>in</span> <span class='ocrx_word' id='word_1_74' title='bbox 580 1185 651 1251; x_wconf 92' lang='lat' dir='ltr'>loco</span> <span class='ocrx_word' id='word_1_75' title='bbox 666 1183 866 1267; x_wconf 90' lang='lat' dir='ltr'>reponendos</span> <span class='ocrx_word' id='word_1_76' title='bbox 884 1204 955 1252; x_wconf 88' lang='lat' dir='ltr'>esse</span> <span class='ocrx_word' id='word_1_77' title='bbox 969 1186 1141 1252; x_wconf 89' lang='lat' dir='ltr'>XXXVIII</span> <span class='ocrx_word' id='word_1_78' title='bbox 1152 1205 1200 1269; x_wconf 89' lang='lat' dir='ltr'>sq.</span> <span class='ocrx_word' id='word_1_79' title='bbox 1229 1189 1293 1253; x_wconf 89' lang='lat' dir='ltr'>Au-</span> 
     </span>
     <span class='ocr_line' id='line_1_10' title="bbox 143 1282 1297 1368; baseline 0 -12"><span class='ocrx_word' id='word_1_80' title='bbox 143 1290 260 1357; x_wconf 89' lang='lat' dir='ltr'>daoula</span> <span class='ocrx_word' id='word_1_81' title='bbox 272 1287 400 1356; x_wconf 90' lang='lat' dir='ltr'>uidetur</span> <span class='ocrx_word' id='word_1_82' title='bbox 413 1286 488 1354; x_wconf 89' lang='lat' dir='ltr'>talis</span> <span class='ocrx_word' id='word_1_83' title='bbox 502 1286 536 1350; x_wconf 91' lang='lat' dir='ltr'>in</span> <span class='ocrx_word' id='word_1_84' title='bbox 550 1285 601 1352; x_wconf 89' lang='lat' dir='ltr'>his</span> <span class='ocrx_word' id='word_1_85' title='bbox 616 1284 763 1352; x_wconf 88' lang='lat' dir='ltr'>uersibus</span> <span class='ocrx_word' id='word_1_86' title='bbox 784 1284 933 1368; x_wconf 75' lang='lat' dir='ltr'>suspicio.</span> <span class='ocrx_word' id='word_1_87' title='bbox 969 1287 1091 1357; x_wconf 81' lang='lat' dir='ltr'>&#39;lamen</span> <span class='ocrx_word' id='word_1_88' title='bbox 1113 1289 1176 1354; x_wconf 86' lang='lat' dir='ltr'>ista</span> <span class='ocrx_word' id='word_1_89' title='bbox 1197 1282 1297 1356; x_wconf 82' lang='lat' dir='ltr'>missa</span> 
     </span>
     <span class='ocr_line' id='line_1_11' title="bbox 142 1386 969 1458; baseline -0.008 0"><span class='ocrx_word' id='word_1_90' title='bbox 142 1393 296 1458; x_wconf 87' lang='lat' dir='ltr'>iaciamus</span> <span class='ocrx_word' id='word_1_91' title='bbox 319 1393 351 1458; x_wconf 92' lang='lat' dir='ltr'>et</span> <span class='ocrx_word' id='word_1_92' title='bbox 371 1393 571 1456; x_wconf 82' lang='lat' dir='ltr'>transeamus</span> <span class='ocrx_word' id='word_1_93' title='bbox 594 1386 636 1453; x_wconf 88' lang='lat' dir='ltr'>ad</span> <span class='ocrx_word' id='word_1_94' title='bbox 660 1386 873 1453; x_wconf 87' lang='lat' dir='ltr'>examinanda</span> <span class='ocrx_word' id='word_1_95' title='bbox 894 1386 969 1451; x_wconf 86' lang='lat' dir='ltr'>alia.</span> 
     </span>
    </p>

    <p class='ocr_par' dir='ltr' id='par_1_4' title="bbox 138 1480 1297 2285">
     <span class='ocr_line' id='line_1_12' title="bbox 227 1480 1297 1559; baseline 0.001 -1"><span class='ocrx_word' id='word_1_96' title='bbox 227 1480 443 1558; x_wconf 74' lang='lat' dir='ltr'>(inanissimas</span> <span class='ocrx_word' id='word_1_97' title='bbox 472 1489 556 1557; x_wconf 91' lang='lat' dir='ltr'>enim</span> <span class='ocrx_word' id='word_1_98' title='bbox 584 1487 800 1555; x_wconf 83' lang='lat' dir='ltr'>dubitationes</span> <span class='ocrx_word' id='word_1_99' title='bbox 832 1487 938 1554; x_wconf 84' lang='lat' dir='ltr'>adfert</span> <span class='ocrx_word' id='word_1_100' title='bbox 965 1488 1062 1554; x_wconf 90' lang='lat' dir='ltr'>totius</span> <span class='ocrx_word' id='word_1_101' title='bbox 1090 1490 1153 1556; x_wconf 91' lang='lat' dir='ltr'>loci</span> <span class='ocrx_word' id='word_1_102' title='bbox 1181 1493 1297 1559; x_wconf 90' lang='lat' dir='ltr'>XXIII</span> 
     </span>
     <span class='ocr_line' id='line_1_13' title="bbox 141 1589 1296 1661; baseline 0 0"><span class='ocrx_word' id='word_1_103' title='bbox 141 1594 341 1661; x_wconf 79' lang='lat' dir='ltr'>-XXXVII</span> <span class='ocrx_word' id='word_1_104' title='bbox 363 1592 517 1659; x_wconf 90' lang='lat' dir='ltr'>condicio.</span> <span class='ocrx_word' id='word_1_105' title='bbox 550 1591 616 1658; x_wconf 91' lang='lat' dir='ltr'>Ubi</span> <span class='ocrx_word' id='word_1_106' title='bbox 631 1595 667 1657; x_wconf 88' lang='lat' dir='ltr'>ut</span> <span class='ocrx_word' id='word_1_107' title='bbox 680 1590 721 1658; x_wconf 91' lang='lat' dir='ltr'>ab</span> <span class='ocrx_word' id='word_1_108' title='bbox 737 1589 913 1657; x_wconf 85' lang='lat' dir='ltr'>offensione</span> <span class='ocrx_word' id='word_1_109' title='bbox 935 1590 1013 1655; x_wconf 90' lang='lat' dir='ltr'>satis</span> <span class='ocrx_word' id='word_1_110' title='bbox 1037 1592 1200 1658; x_wconf 82' lang='lat' dir='ltr'>defensam</span> <span class='ocrx_word' id='word_1_111' title='bbox 1224 1613 1296 1661; x_wconf 91' lang='lat' dir='ltr'>esse</span> 
     </span>
     <span class='ocr_line' id='line_1_14' title="bbox 143 1689 1294 1778; baseline -0.004 -14"><span class='ocrx_word' id='word_1_112' title='bbox 143 1695 357 1764; x_wconf 89' lang='lat' dir='ltr'>concedamus</span> <span class='ocrx_word' id='word_1_113' title='bbox 383 1713 532 1762; x_wconf 91' lang='lat' dir='ltr'>uersuum</span> <span class='ocrx_word' id='word_1_114' title='bbox 560 1693 671 1768; x_wconf 87' lang='lat' dir='ltr'>XXIII</span> <span class='ocrx_word' id='word_1_115' title='bbox 685 1711 732 1774; x_wconf 90' lang='lat' dir='ltr'>sq.</span> <span class='ocrx_word' id='word_1_116' title='bbox 760 1698 792 1759; x_wconf 89' lang='lat' dir='ltr'>et</span> <span class='ocrx_word' id='word_1_117' title='bbox 813 1689 1082 1758; x_wconf 83' lang='lat' dir='ltr'>XXIX—XXXI</span> <span class='ocrx_word' id='word_1_118' title='bbox 1109 1693 1294 1778; x_wconf 90' lang='lat' dir='ltr'>propinqui-</span> 
     </span>
     <span class='ocr_line' id='line_1_15' title="bbox 141 1790 1293 1881; baseline -0.001 -16"><span class='ocrx_word' id='word_1_119' title='bbox 141 1804 258 1881; x_wconf 79' lang='lat' dir='ltr'>tatem,</span> <span class='ocrx_word' id='word_1_120' title='bbox 287 1795 403 1881; x_wconf 92' lang='lat' dir='ltr'>quibus</span> <span class='ocrx_word' id='word_1_121' title='bbox 425 1794 475 1861; x_wconf 92' lang='lat' dir='ltr'>bis</span> <span class='ocrx_word' id='word_1_122' title='bbox 496 1794 583 1863; x_wconf 91' lang='lat' dir='ltr'>idem</span> <span class='ocrx_word' id='word_1_123' title='bbox 605 1794 702 1878; x_wconf 91' lang='lat' dir='ltr'>illud,</span> <span class='ocrx_word' id='word_1_124' title='bbox 726 1790 868 1861; x_wconf 86' lang='lat' dir='ltr'>ut&#39;diem</span> <span class='ocrx_word' id='word_1_125' title='bbox 890 1801 1016 1878; x_wconf 87' lang='lat' dir='ltr'>carpat,</span> <span class='ocrx_word' id='word_1_126' title='bbox 1039 1795 1198 1862; x_wconf 88' lang='lat' dir='ltr'>Nicobulo</span> <span class='ocrx_word' id='word_1_127' title='bbox 1220 1816 1293 1864; x_wconf 85' lang='lat' dir='ltr'>sua-</span> 
     </span>
     <span class='ocr_line' id='line_1_16' title="bbox 140 1891 1295 1982; baseline 0 -16"><span class='ocrx_word' id='word_1_128' title='bbox 140 1900 247 1968; x_wconf 88' lang='lat' dir='ltr'>detur:</span> <span class='ocrx_word' id='word_1_129' title='bbox 271 1907 306 1965; x_wconf 91' lang='lat' dir='ltr'>ut</span> <span class='ocrx_word' id='word_1_130' title='bbox 328 1898 372 1982; x_wconf 88' lang='lat' dir='ltr'>id,</span> <span class='ocrx_word' id='word_1_131' title='bbox 395 1897 481 1980; x_wconf 90' lang='lat' dir='ltr'>qued</span> <span class='ocrx_word' id='word_1_132' title='bbox 502 1891 608 1981; x_wconf 86' lang='lat' dir='ltr'>potest</span> <span class='ocrx_word' id='word_1_133' title='bbox 630 1916 708 1964; x_wconf 88' lang='lat' dir='ltr'>sane</span> <span class='ocrx_word' id='word_1_134' title='bbox 729 1896 943 1982; x_wconf 80' lang='lat' dir='ltr'>suspicionem</span> <span class='ocrx_word' id='word_1_135' title='bbox 965 1917 1104 1982; x_wconf 91' lang='lat' dir='ltr'>mouere,</span> <span class='ocrx_word' id='word_1_136' title='bbox 1127 1898 1295 1966; x_wconf 86' lang='lat' dir='ltr'>ferendum</span> 
     </span>
     <span class='ocr_line' id='line_1_17' title="bbox 139 1997 1295 2092; baseline -0.002 -24"><span class='ocrx_word' id='word_1_137' title='bbox 139 2001 273 2082; x_wconf 86' lang='lat' dir='ltr'>iudices,</span> <span class='ocrx_word' id='word_1_138' title='bbox 296 1999 382 2085; x_wconf 93' lang='lat' dir='ltr'>quod</span> <span class='ocrx_word' id='word_1_139' title='bbox 403 1999 437 2064; x_wconf 94' lang='lat' dir='ltr'>in</span> <span class='ocrx_word' id='word_1_140' title='bbox 458 1998 603 2065; x_wconf 87' lang='lat' dir='ltr'>uersibus</span> <span class='ocrx_word' id='word_1_141' title='bbox 624 1999 718 2065; x_wconf 90' lang='lat' dir='ltr'>XXV</span> <span class='ocrx_word' id='word_1_142' title='bbox 739 2004 772 2088; x_wconf 86' lang='lat' dir='ltr'>et</span> <span class='ocrx_word' id='word_1_143' title='bbox 793 1999 917 2064; x_wconf 93' lang='lat' dir='ltr'>XXVII</span> <span class='ocrx_word' id='word_1_144' title='bbox 938 1997 981 2066; x_wconf 90' lang='lat' dir='ltr'>ad</span> <span class='ocrx_word' id='word_1_145' title='bbox 1003 2000 1230 2092; x_wconf 84' lang='lat' dir='ltr'>sententiarum</span> <span class='ocrx_word' id='word_1_146' title='bbox 1253 2003 1295 2068; x_wconf 87' lang='lat' dir='ltr'>si-</span> 
     </span>
     <span class='ocr_line' id='line_1_18' title="bbox 140 2099 1296 2182; baseline 0 -13"><span class='ocrx_word' id='word_1_147' title='bbox 140 2101 353 2170; x_wconf 90' lang='lat' dir='ltr'>militudinem</span> <span class='ocrx_word' id='word_1_148' title='bbox 376 2119 501 2171; x_wconf 87' lang='lat' dir='ltr'>summa</span> <span class='ocrx_word' id='word_1_149' title='bbox 523 2099 648 2167; x_wconf 88' lang='lat' dir='ltr'>aceedit</span> <span class='ocrx_word' id='word_1_150' title='bbox 668 2101 791 2166; x_wconf 88' lang='lat' dir='ltr'>formae</span> <span class='ocrx_word' id='word_1_151' title='bbox 820 2099 1016 2180; x_wconf 87' lang='lat' dir='ltr'>aequalitas:</span> <span class='ocrx_word' id='word_1_152' title='bbox 1045 2119 1141 2182; x_wconf 92' lang='lat' dir='ltr'>quam</span> <span class='ocrx_word' id='word_1_153' title='bbox 1163 2104 1296 2169; x_wconf 88' lang='lat' dir='ltr'>tandem</span> 
     </span>
     <span class='ocr_line' id='line_1_19' title="bbox 138 2200 1295 2285; baseline -0.003 -13"><span class='ocrx_word' id='word_1_154' title='bbox 138 2224 255 2272; x_wconf 75' lang='lat' dir='ltr'>censes</span> <span class='ocrx_word' id='word_1_155' title='bbox 276 2221 348 2271; x_wconf 89' lang='lat' dir='ltr'>esse</span> <span class='ocrx_word' id='word_1_156' title='bbox 368 2201 402 2267; x_wconf 94' lang='lat' dir='ltr'>in</span> <span class='ocrx_word' id='word_1_157' title='bbox 424 2205 491 2268; x_wconf 87' lang='lat' dir='ltr'>toto</span> <span class='ocrx_word' id='word_1_158' title='bbox 513 2202 584 2268; x_wconf 91' lang='lat' dir='ltr'>loco</span> <span class='ocrx_word' id='word_1_159' title='bbox 606 2221 710 2268; x_wconf 90' lang='lat' dir='ltr'>rerum</span> <span class='ocrx_word' id='word_1_160' title='bbox 725 2200 1018 2285; x_wconf 88' lang='lat' dir='ltr'>sententiarumque</span> <span class='ocrx_word' id='word_1_161' title='bbox 1033 2201 1295 2272; x_wconf 76' lang='lat' dir='ltr'>cohaerentiam?</span> 
     </span>
    </p>
   </div>
   <div class='ocr_carea' id='block_1_3' title="bbox 139 2301 1389 2388">
    <p class='ocr_par' dir='ltr' id='par_1_5' title="bbox 139 2301 1389 2388">
     <span class='ocr_line' id='line_1_20' title="bbox 139 2301 1389 2388; baseline -0.005 -13"><span class='ocrx_word' id='word_1_162' title='bbox 139 2308 258 2374; x_wconf 89' lang='lat' dir='ltr'>Nonne</span> <span class='ocrx_word' id='word_1_163' title='bbox 279 2304 465 2387; x_wconf 88' lang='lat' dir='ltr'>Nicobulus,</span> <span class='ocrx_word' id='word_1_164' title='bbox 495 2323 568 2370; x_wconf 92' lang='lat' dir='ltr'>cum</span> <span class='ocrx_word' id='word_1_165' title='bbox 595 2301 772 2370; x_wconf 89' lang='lat' dir='ltr'>labefactus</span> <span class='ocrx_word' id='word_1_166' title='bbox 794 2301 951 2388; x_wconf 92' lang='lat' dir='ltr'>paulatim</span> <span class='ocrx_word' id='word_1_167' title='bbox 979 2301 1150 2370; x_wconf 86' lang='lat' dir='ltr'>Bacchidis</span> <span class='ocrx_word' id='word_1_168' title='bbox 1177 2303 1296 2371; x_wconf 90' lang='lat' dir='ltr'>inlece-</span> <span class='ocrx_word' id='word_1_169' title='bbox 1386 2313 1389 2319; x_wconf 83' lang='grc'><em>“</em></span> 
     </span>
    </p>
   </div>
   <div class='ocr_carea' id='block_1_4' title="bbox 138 2403 1298 3304">
    <p class='ocr_par' dir='ltr' id='par_1_6' title="bbox 138 2403 1298 3304">
     <span class='ocr_line' id='line_1_21' title="bbox 140 2403 1294 2490; baseline -0.001 -15"><span class='ocrx_word' id='word_1_170' title='bbox 140 2408 292 2476; x_wconf 91' lang='lat' dir='ltr'>hristum</span> <span class='ocrx_word' id='word_1_171' title='bbox 315 2405 410 2472; x_wconf 84' lang='lat' dir='ltr'>amini</span> <span class='ocrx_word' id='word_1_172' title='bbox 432 2404 702 2473; x_wconf 87' lang='lat' dir='ltr'>cohortationibus</span> <span class='ocrx_word' id='word_1_173' title='bbox 723 2407 856 2489; x_wconf 84' lang='lat' dir='ltr'>fractus,</span> <span class='ocrx_word' id='word_1_174' title='bbox 879 2404 944 2472; x_wconf 90' lang='lat' dir='ltr'>iam</span> <span class='ocrx_word' id='word_1_175' title='bbox 967 2403 1115 2490; x_wconf 87' lang='lat' dir='ltr'>deposita</span> <span class='ocrx_word' id='word_1_176' title='bbox 1137 2407 1224 2474; x_wconf 91' lang='lat' dir='ltr'>omni</span> <span class='ocrx_word' id='word_1_177' title='bbox 1245 2428 1294 2474; x_wconf 91' lang='lat' dir='ltr'>re·</span> 
     </span>
     <span class='ocr_line' id='line_1_22' title="bbox 138 2505 1296 2595; baseline -0.001 -18"><span class='ocrx_word' id='word_1_178' title='bbox 138 2511 261 2595; x_wconf 80' lang='lat' dir='ltr'>ligione</span> <span class='ocrx_word' id='word_1_179' title='bbox 276 2505 486 2575; x_wconf 83' lang='lat' dir='ltr'>descenderat</span> <span class='ocrx_word' id='word_1_180' title='bbox 497 2505 540 2573; x_wconf 88' lang='lat' dir='ltr'>ad</span> <span class='ocrx_word' id='word_1_181' title='bbox 554 2507 770 2592; x_wconf 91' lang='lat' dir='ltr'>turpissimum</span> <span class='ocrx_word' id='word_1_182' title='bbox 781 2506 970 2587; x_wconf 90' lang='lat' dir='ltr'>obsequium</span> <span class='ocrx_word' id='word_1_183' title='bbox 981 2505 1173 2591; x_wconf 88' lang='lat' dir='ltr'>disertisque</span> <span class='ocrx_word' id='word_1_184' title='bbox 1186 2509 1296 2577; x_wconf 90' lang='lat' dir='ltr'>uerbis</span> 
     </span>
     <span class='ocr_line' id='line_1_23' title="bbox 141 2607 1296 2694; baseline 0 -16"><span class='ocrx_word' id='word_1_185' title='bbox 141 2631 172 2678; x_wconf 91' lang='lat' dir='ltr'>u.</span> <span class='ocrx_word' id='word_1_186' title='bbox 193 2611 305 2676; x_wconf 90' lang='lat' dir='ltr'>XXVI</span> <span class='ocrx_word' id='word_1_187' title='bbox 331 2609 364 2674; x_wconf 92' lang='lat' dir='ltr'>id</span> <span class='ocrx_word' id='word_1_188' title='bbox 391 2609 673 2694; x_wconf 80' lang='lat' dir='ltr'>pronuntiauerat?</span> <span class='ocrx_word' id='word_1_189' title='bbox 701 2607 916 2674; x_wconf 86' lang='lat' dir='ltr'>Nihilominus</span> <span class='ocrx_word' id='word_1_190' title='bbox 945 2609 1094 2676; x_wconf 88' lang='lat' dir='ltr'>contiuuo</span> <span class='ocrx_word' id='word_1_191' title='bbox 1123 2631 1152 2676; x_wconf 92' lang='lat' dir='ltr'>u.</span> <span class='ocrx_word' id='word_1_192' title='bbox 1168 2612 1296 2678; x_wconf 91' lang='lat' dir='ltr'>XXVII</span> 
     </span>
     <span class='ocr_line' id='line_1_24' title="bbox 142 2707 1293 2798; baseline 0.002 -20"><span class='ocrx_word' id='word_1_193' title='bbox 142 2713 248 2798; x_wconf 87' lang='lat' dir='ltr'>pergit</span> <span class='ocrx_word' id='word_1_194' title='bbox 269 2709 435 2795; x_wconf 85' lang='lat' dir='ltr'>aspernari</span> <span class='ocrx_word' id='word_1_195' title='bbox 442 2759 450 2793; x_wconf 89' lang='lat'><strong><em>,</em></strong></span> <span class='ocrx_word' id='word_1_196' title='bbox 473 2709 629 2793; x_wconf 88' lang='lat' dir='ltr'>abnuere,</span> <span class='ocrx_word' id='word_1_197' title='bbox 653 2708 802 2775; x_wconf 90' lang='lat' dir='ltr'>cunctari.</span> <span class='ocrx_word' id='word_1_198' title='bbox 845 2707 1012 2792; x_wconf 80' lang='lat' dir='ltr'>Attamen,</span> <span class='ocrx_word' id='word_1_199' title='bbox 1035 2710 1063 2775; x_wconf 92' lang='lat' dir='ltr'>si</span> <span class='ocrx_word' id='word_1_200' title='bbox 1084 2710 1155 2794; x_wconf 90' lang='lat' dir='ltr'>ipse</span> <span class='ocrx_word' id='word_1_201' title='bbox 1177 2730 1293 2796; x_wconf 83' lang='lat' dir='ltr'>exper-</span> 
     </span>
     <span class='ocr_line' id='line_1_25' title="bbox 141 2808 1297 2895; baseline -0.001 -14"><span class='ocrx_word' id='word_1_202' title='bbox 141 2820 230 2882; x_wconf 85' lang='lat' dir='ltr'>recta</span> <span class='ocrx_word' id='word_1_203' title='bbox 252 2811 487 2895; x_wconf 87' lang='lat' dir='ltr'>quedammodo</span> <span class='ocrx_word' id='word_1_204' title='bbox 509 2812 627 2879; x_wconf 90' lang='lat' dir='ltr'>uirtute</span> <span class='ocrx_word' id='word_1_205' title='bbox 648 2832 669 2878; x_wconf 91' lang='lat' dir='ltr'>a</span> <span class='ocrx_word' id='word_1_206' title='bbox 689 2808 885 2894; x_wconf 89' lang='lat' dir='ltr'>turpitudine</span> <span class='ocrx_word' id='word_1_207' title='bbox 914 2810 1020 2878; x_wconf 89' lang='lat' dir='ltr'>subito</span> <span class='ocrx_word' id='word_1_208' title='bbox 1041 2811 1182 2877; x_wconf 85' lang='lat' dir='ltr'>animum</span> <span class='ocrx_word' id='word_1_209' title='bbox 1204 2832 1297 2880; x_wconf 91' lang='lat' dir='ltr'>reuo-</span> 
     </span>
     <span class='ocr_line' id='line_1_26' title="bbox 142 2911 1297 2998; baseline -0.002 -14"><span class='ocrx_word' id='word_1_210' title='bbox 142 2920 289 2984; x_wconf 88' lang='lat' dir='ltr'>cauerat:</span> <span class='ocrx_word' id='word_1_211' title='bbox 318 2919 352 2980; x_wconf 89' lang='lat' dir='ltr'>at</span> <span class='ocrx_word' id='word_1_212' title='bbox 378 2913 420 2978; x_wconf 91' lang='lat' dir='ltr'>ab</span> <span class='ocrx_word' id='word_1_213' title='bbox 450 2913 505 2998; x_wconf 91' lang='lat' dir='ltr'>iis,</span> <span class='ocrx_word' id='word_1_214' title='bbox 539 2912 593 2995; x_wconf 94' lang='lat' dir='ltr'>qui</span> <span class='ocrx_word' id='word_1_215' title='bbox 627 2912 659 2978; x_wconf 93' lang='lat' dir='ltr'>in</span> <span class='ocrx_word' id='word_1_216' title='bbox 687 2911 923 2998; x_wconf 88' lang='lat' dir='ltr'>permulcendis</span> <span class='ocrx_word' id='word_1_217' title='bbox 948 2911 1179 2996; x_wconf 80' lang='lat' dir='ltr'>&#39;redintegratis</span> <span class='ocrx_word' id='word_1_218' title='bbox 1207 2913 1297 2982; x_wconf 89' lang='lat' dir='ltr'>illius</span> 
     </span>
     <span class='ocr_line' id='line_1_27' title="bbox 142 3013 1297 3105; baseline -0.001 -21"><span class='ocrx_word' id='word_1_219' title='bbox 142 3017 300 3102; x_wconf 79' lang='lat' dir='ltr'>scrupuIIs</span> <span class='ocrx_word' id='word_1_220' title='bbox 321 3035 451 3105; x_wconf 84' lang='lat' dir='ltr'>operam</span> <span class='ocrx_word' id='word_1_221' title='bbox 475 3022 670 3098; x_wconf 89' lang='lat' dir='ltr'>consumunt,</span> <span class='ocrx_word' id='word_1_222' title='bbox 697 3013 910 3081; x_wconf 88' lang='lat' dir='ltr'>animaduerti</span> <span class='ocrx_word' id='word_1_223' title='bbox 939 3020 1025 3081; x_wconf 90' lang='lat' dir='ltr'>certe</span> <span class='ocrx_word' id='word_1_224' title='bbox 1048 3016 1217 3100; x_wconf 84' lang='lat' dir='ltr'>oportebat</span> <span class='ocrx_word' id='word_1_225' title='bbox 1238 3017 1297 3083; x_wconf 93' lang='lat' dir='ltr'>mi·</span> 
     </span>
     <span class='ocr_line' id='line_1_28' title="bbox 143 3115 1297 3198; baseline 0.001 -14"><span class='ocrx_word' id='word_1_226' title='bbox 143 3139 211 3185; x_wconf 88' lang='lat' dir='ltr'>ram</span> <span class='ocrx_word' id='word_1_227' title='bbox 233 3118 323 3184; x_wconf 90' lang='lat' dir='ltr'>illam</span> <span class='ocrx_word' id='word_1_228' title='bbox 344 3116 517 3183; x_wconf 84' lang='lat' dir='ltr'>uoluntatis</span> <span class='ocrx_word' id='word_1_229' title='bbox 539 3117 762 3184; x_wconf 88' lang='lat' dir='ltr'>mutationem:</span> <span class='ocrx_word' id='word_1_230' title='bbox 786 3115 874 3182; x_wconf 90' lang='lat' dir='ltr'>cuius</span> <span class='ocrx_word' id='word_1_231' title='bbox 890 3115 1020 3198; x_wconf 91' lang='lat' dir='ltr'>quidem</span> <span class='ocrx_word' id='word_1_232' title='bbox 1042 3117 1090 3185; x_wconf 91' lang='lat' dir='ltr'>rei</span> <span class='ocrx_word' id='word_1_233' title='bbox 1106 3119 1229 3186; x_wconf 93' lang='lat' dir='ltr'>nullum</span> <span class='ocrx_word' id='word_1_234' title='bbox 1244 3138 1297 3185; x_wconf 91' lang='lat' dir='ltr'>us·</span> 
     </span>
     <span class='ocr_line' id='line_1_29' title="bbox 143 3218 1298 3304; baseline 0.001 -18"><span class='ocrx_word' id='word_1_235' title='bbox 143 3240 240 3302; x_wconf 89' lang='lat' dir='ltr'>quam</span> <span class='ocrx_word' id='word_1_236' title='bbox 254 3219 581 3304; x_wconf 81' lang='lat' dir='ltr'>apparet‘uestigium.</span> <span class='ocrx_word' id='word_1_237' title='bbox 611 3219 782 3304; x_wconf 87' lang='lat' dir='ltr'>Mehercle‚</span> <span class='ocrx_word' id='word_1_238' title='bbox 805 3239 877 3286; x_wconf 93' lang='lat' dir='ltr'>cum</span> <span class='ocrx_word' id='word_1_239' title='bbox 891 3218 974 3285; x_wconf 88' lang='lat' dir='ltr'>haec</span> <span class='ocrx_word' id='word_1_240' title='bbox 996 3219 1144 3303; x_wconf 87' lang='lat' dir='ltr'>legimus,</span> <span class='ocrx_word' id='word_1_241' title='bbox 1166 3241 1230 3286; x_wconf 91' lang='lat' dir='ltr'>uon</span> <span class='ocrx_word' id='word_1_242' title='bbox 1244 3238 1298 3287; x_wconf 90' lang='lat' dir='ltr'>so-</span> 
     </span>
    </p>
   </div>
   <div class='ocr_carea' id='block_1_5' title="bbox 9 3317 1298 3412">
    <p class='ocr_par' dir='ltr' id='par_1_7' title="bbox 9 3317 1298 3412">
     <span class='ocr_line' id='line_1_30' title="bbox 9 3317 1298 3412; baseline 0.002 -26"><span class='ocrx_word' id='word_1_243' title='bbox 9 3407 10 3412; x_wconf 8' lang='lat'><em>*</em></span> <span class='ocrx_word' id='word_1_244' title='bbox 143 3321 209 3388; x_wconf 93' lang='lat' dir='ltr'>lum</span> <span class='ocrx_word' id='word_1_245' title='bbox 238 3320 359 3387; x_wconf 90' lang='lat' dir='ltr'>crebris</span> <span class='ocrx_word' id='word_1_246' title='bbox 385 3319 650 3388; x_wconf 89' lang='lat' dir='ltr'>interstitionibus</span> <span class='ocrx_word' id='word_1_247' title='bbox 679 3321 858 3389; x_wconf 86' lang='lat' dir='ltr'>testudineo</span> <span class='ocrx_word' id='word_1_248' title='bbox 886 3320 990 3402; x_wconf 83' lang='lat' dir='ltr'>gradu</span> <span class='ocrx_word' id='word_1_249' title='bbox 1019 3317 1209 3404; x_wconf 85' lang='lat' dir='ltr'>procedere,</span> <span class='ocrx_word' id='word_1_250' title='bbox 1237 3321 1298 3388; x_wconf 93' lang='lat' dir='ltr'>sed</span> 
     </span>
    </p>
   </div>
   <div class='ocr_carea' id='block_1_6' title="bbox 144 3419 1297 3516">
    <p class='ocr_par' dir='ltr' id='par_1_8' title="bbox 144 3419 1297 3516">
     <span class='ocr_line' id='line_1_31' title="bbox 144 3419 1297 3516; baseline 0.001 -28"><span class='ocrx_word' id='word_1_251' title='bbox 144 3422 236 3505; x_wconf 88' lang='lat' dir='ltr'>quasi</span> <span class='ocrx_word' id='word_1_252' title='bbox 264 3421 348 3506; x_wconf 93' lang='lat' dir='ltr'>pede</span> <span class='ocrx_word' id='word_1_253' title='bbox 377 3426 515 3490; x_wconf 89' lang='lat' dir='ltr'>retracto</span> <span class='ocrx_word' id='word_1_254' title='bbox 543 3429 652 3491; x_wconf 90' lang='lat' dir='ltr'>nestra</span> <span class='ocrx_word' id='word_1_255' title='bbox 673 3425 786 3490; x_wconf 88' lang='lat' dir='ltr'>iterum</span> <span class='ocrx_word' id='word_1_256' title='bbox 799 3442 953 3516; x_wconf 48' lang='lat' dir='ltr'>¹premere</span> <span class='ocrx_word' id='word_1_257' title='bbox 975 3419 1114 3506; x_wconf 85' lang='lat' dir='ltr'>uestigia</span> <span class='ocrx_word' id='word_1_258' title='bbox 1135 3423 1228 3491; x_wconf 90' lang='lat' dir='ltr'>nobis</span> <span class='ocrx_word' id='word_1_259' title='bbox 1251 3424 1297 3489; x_wconf 93' lang='lat' dir='ltr'>ui-</span> 
     </span>
    </p>
   </div>
   <div class='ocr_carea' id='block_1_7' title="bbox 9 3522 265 3591">
    <p class='ocr_par' dir='ltr' id='par_1_9' title="bbox 9 3522 265 3591">
     <span class='ocr_line' id='line_1_32' title="bbox 9 3522 265 3591; baseline 0.004 -3"><span class='ocrx_word' id='word_1_260' title='bbox 9 3539 10 3552; x_wconf 60' lang='lat'><em>*</em></span> <span class='ocrx_word' id='word_1_261' title='bbox 144 3522 265 3591; x_wconf 89' lang='lat' dir='ltr'>demur.</span> 
     </span>
    </p>
   </div>
   <div class='ocr_carea' id='block_1_8' title="bbox 88 3625 1318 4116">
    <p class='ocr_par' dir='ltr' id='par_1_10' title="bbox 88 3625 1318 4116">
     <span class='ocr_line' id='line_1_33' title="bbox 229 3625 1297 3710; baseline 0.002 -21"><span class='ocrx_word' id='word_1_262' title='bbox 229 3625 274 3691; x_wconf 89' lang='lat' dir='ltr'>At</span> <span class='ocrx_word' id='word_1_263' title='bbox 295 3625 430 3697; x_wconf 84' lang='lat' dir='ltr'>fortasse</span> <span class='ocrx_word' id='word_1_264' title='bbox 452 3625 570 3709; x_wconf 77' lang='lat' dir='ltr'>aliquIs</span> <span class='ocrx_word' id='word_1_265' title='bbox 592 3625 709 3693; x_wconf 85' lang='lat' dir='ltr'>dixerit</span> <span class='ocrx_word' id='word_1_266' title='bbox 731 3646 772 3694; x_wconf 84' lang='lat' dir='ltr'>ex</span> <span class='ocrx_word' id='word_1_267' title='bbox 794 3625 856 3694; x_wconf 89' lang='lat' dir='ltr'>hac</span> <span class='ocrx_word' id='word_1_268' title='bbox 877 3626 949 3708; x_wconf 90' lang='lat' dir='ltr'>ipsa</span> <span class='ocrx_word' id='word_1_269' title='bbox 969 3646 1005 3693; x_wconf 90' lang='lat' dir='ltr'>re</span> <span class='ocrx_word' id='word_1_270' title='bbox 1027 3625 1170 3710; x_wconf 80' lang='lat' dir='ltr'>intellegi</span> <span class='ocrx_word' id='word_1_271' title='bbox 1198 3643 1297 3707; x_wconf 89' lang='lat' dir='ltr'>quam</span> 
     </span>
     <span class='ocr_line' id='line_1_34' title="bbox 144 3725 1296 3814; baseline 0 -22"><span class='ocrx_word' id='word_1_272' title='bbox 144 3726 227 3792; x_wconf 92' lang='lat' dir='ltr'>bene</span> <span class='ocrx_word' id='word_1_273' title='bbox 249 3725 341 3793; x_wconf 86' lang='lat' dir='ltr'>Rite</span> <span class='ocrx_word' id='word_1_274' title='bbox 351 3727 510 3794; x_wconf 89' lang='lat' dir='ltr'>chelius</span> <span class='ocrx_word' id='word_1_275' title='bbox 526 3728 688 3794; x_wconf 86' lang='lat' dir='ltr'>turbatum</span> <span class='ocrx_word' id='word_1_276' title='bbox 699 3728 900 3814; x_wconf 88' lang='lat' dir='ltr'>apertissime</span> <span class='ocrx_word' id='word_1_277' title='bbox 911 3728 1137 3796; x_wconf 85' lang='lat' dir='ltr'>sententiarum</span> <span class='ocrx_word' id='word_1_278' title='bbox 1150 3725 1296 3793; x_wconf 90' lang='lat' dir='ltr'>ordinem</span> 
     </span>
     <span class='ocr_line' id='line_1_35' title="bbox 144 3828 1298 3918; baseline 0.002 -24"><span class='ocrx_word' id='word_1_279' title='bbox 144 3828 331 3896; x_wconf 88' lang='lat' dir='ltr'>restituerit:</span> <span class='ocrx_word' id='word_1_280' title='bbox 359 3830 493 3897; x_wconf 92' lang='lat' dir='ltr'>multum</span> <span class='ocrx_word' id='word_1_281' title='bbox 514 3830 598 3896; x_wconf 92' lang='lat' dir='ltr'>enim</span> <span class='ocrx_word' id='word_1_282' title='bbox 621 3830 752 3915; x_wconf 87' lang='lat' dir='ltr'>abesse,</span> <span class='ocrx_word' id='word_1_283' title='bbox 782 3837 814 3897; x_wconf 88' lang='lat' dir='ltr'>ut</span> <span class='ocrx_word' id='word_1_284' title='bbox 835 3831 900 3897; x_wconf 88' lang='lat' dir='ltr'>iam</span> <span class='ocrx_word' id='word_1_285' title='bbox 921 3829 1091 3918; x_wconf 87' lang='lat' dir='ltr'>inclinatus</span> <span class='ocrx_word' id='word_1_286' title='bbox 1113 3829 1298 3910; x_wconf 86' lang='lat' dir='ltr'>fractusque</span> 
     </span>
     <span class='ocr_line' id='line_1_36' title="bbox 88 3927 1299 4016; baseline 0.002 -20"><span class='ocrx_word' id='word_1_287' title='bbox 88 3951 94 3956; x_wconf 92' lang='lat'>·</span> <span class='ocrx_word' id='word_1_288' title='bbox 144 3929 188 3996; x_wconf 90' lang='lat' dir='ltr'>sit</span> <span class='ocrx_word' id='word_1_289' title='bbox 209 3929 362 3998; x_wconf 87' lang='lat' dir='ltr'>Nicobuli</span> <span class='ocrx_word' id='word_1_290' title='bbox 383 3931 523 4016; x_wconf 86' lang='lat' dir='ltr'>animus;</span> <span class='ocrx_word' id='word_1_291' title='bbox 546 3931 661 4012; x_wconf 90' lang='lat' dir='ltr'>itaque</span> <span class='ocrx_word' id='word_1_292' title='bbox 677 3931 770 3998; x_wconf 88' lang='lat' dir='ltr'>unius</span> <span class='ocrx_word' id='word_1_293' title='bbox 791 3952 903 3999; x_wconf 87' lang='lat' dir='ltr'>uersus</span> <span class='ocrx_word' id='word_1_294' title='bbox 924 3931 1034 3996; x_wconf 89' lang='lat' dir='ltr'>XXVI</span> <span class='ocrx_word' id='word_1_295' title='bbox 1049 3927 1299 4013; x_wconf 88' lang='lat' dir='ltr'>transpositione</span> 
     </span>
     <span class='ocr_line' id='line_1_37' title="bbox 145 4031 1318 4116; baseline 0.002 -18"><span class='ocrx_word' id='word_1_296' title='bbox 145 4032 306 4099; x_wconf 85' lang='lat' dir='ltr'>sublatam</span> <span class='ocrx_word' id='word_1_297' title='bbox 336 4051 407 4099; x_wconf 89' lang='lat' dir='ltr'>esse</span> <span class='ocrx_word' id='word_1_298' title='bbox 439 4052 565 4100; x_wconf 91' lang='lat' dir='ltr'>omnem</span> <span class='ocrx_word' id='word_1_299' title='bbox 594 4031 823 4100; x_wconf 87' lang='lat' dir='ltr'>difficultatem.</span> <span class='ocrx_word' id='word_1_300' title='bbox 852 4033 993 4116; x_wconf 85' lang='lat' dir='ltr'>—Age</span> <span class='ocrx_word' id='word_1_301' title='bbox 1022 4051 1099 4099; x_wconf 89' lang='lat' dir='ltr'>uero</span> <span class='ocrx_word' id='word_1_302' title='bbox 1129 4031 1318 4100; x_wconf 63' lang='lat' dir='ltr'>uideamus,</span> 
     </span>
    </p>
   </div>
   <div class='ocr_carea' id='block_1_9' title="bbox 0 0 1555 4756">
    <p class='ocr_par' dir='ltr' id='par_1_11' title="bbox 0 0 1555 4756">
     <span class='ocr_line' id='line_1_38' title="bbox 0 0 1555 4756; baseline 0 0"><span class='ocrx_word' id='word_1_303' title='bbox 0 0 1555 4756; x_wconf 95' lang='lat' dir='ltr'> </span> 
     </span>
    </p>
   </div>
  </div>
 </body>
</html>
