3080 4748
237 311 278 375 68
636 309 814 366 Gusltharins
832 309 1005 365 Brachmann

236 484 404 567 immerito,
427 481 619 565 quibusdam
634 482 696 549 uisi
710 488 783 549 sunt
796 482 831 563 ¹),
853 480 960 546 statim
975 481 1072 546 liceat
1087 497 1183 561 quam
1201 479 1388 547 breuissime

145 659 150 668 ,
235 604 395 672 exponere
418 584 620 651 sententiam.
665 585 768 650 Locus
791 589 898 650 autem
920 581 973 647 hic
995 580 1097 663 est²):

548 817 796 887 Bacchidum
818 815 1024 901 specimen
1047 819 1071 883 Ι.

638 941 682 984 hot.
696 939 725 982 lll
749 941 807 982 443
834 941 978 982 nit-2¹1.

233 1037 277 1112 ibi
293 1057 399 1128 (equa)
418 1071 507 1117 cursu,
526 1052 664 1118 luctando,
682 1051 770 1116 hasta,
789 1050 872 1115 disco,
892 1049 1021 1118 pugilatu,
1039 1049 1102 1118 pila,
1276 1050 1333 1102 428
1353 1047 1386 1101 R.

235 1140 362 1196 saliendo
379 1153 440 1192 sese
458 1135 623 1193 exercebant
641 1133 722 1204 magis
741 1149 822 1203 quam
840 1139 931 1189 scorto
950 1140 998 1188 aut
1015 1133 1112 1188 stude:

236 1205 277 1278 ibi
295 1238 371 1277 snam
389 1226 504 1276 aetatem
523 1219 713 1284 extendebant,
732 1219 787 1273 non
805 1219 833 1272 in
850 1218 992 1273 latebrosis
1011 1218 1086 1272 locis.

233 1287 301 1360 inde
319 1306 352 1360 de
370 1305 548 1374 hippodromo
569 1305 596 1358 st
613 1304 751 1374 palaestra
768 1304 829 1360 4444
848 1300 1000 1358 4444444444
1018 1302 1204 1357 domum
1336 1304 1384 1355 sat

301 1415 467 1456 4444444444
486 1415 614 1457 critico:

367 1480 425 1532 428.
462 1494 520 1538 equo
538 1483 621 1526 inserto
639 1482 760 1528 rectissime
777 1481 875 1524 44444444
893 1491 979 1522 uersum
999 1479 1106 1532 suppleuit
1124 1478 1176 1530 444.
1197 1476 1297 1520 taulariae
1315 1477 1388 1520 Herm.

301 1557 316 1592 t.
329 1549 378 1593 lllll
390 1564 414 1604 p.
427 1552 474 1601 498,
494 1557 567 1605 utpote
580 1551 640 1594 44444
652 1551 752 1593 uocabuii
768 1545 920 1592 detrimentum
936 1553 1023 1600 poteret
1041 1559 1070 1590 ea
1088 1547 1232 1601 hippodromo
1251 1557 1325 1587 uersas
1337 1545 1388 1594 444,

300 1619 401 1672 44444414
414 1619 538 1663 4444144444.
551 1633 571 1662 4.
584 1620 631 1664 452.
673 1620 777 1660 luctando
790 1617 852 1660 disco
865 1618 928 1660 144444
943 1617 1106 1668 transponendo
1125 1615 1240 1657 editiones.
1268 1613 1387 1656 luctandod

301 1687 440 1730 hostedisco
458 1688 588 1730 liitrcbetius
600 1686 836 1736 decucurrerat.
859 1679 863 1746 Ι
885 1683 944 1732 431.
972 1687 1013 1726 Aut
1027 1682 1202 1738 palaestraduhi
1222 1674 1257 1724 ’441
1277 1684 1387 1735 palaestra

302 1755 352 1798 cuhi
366 1754 559 1798 1444444414444444.
572 1753 640 1798 11444.
652 1758 667 1794 4.
680 1752 717 1794 XX
721 1753 766 1804 Vp.
775 1753 829 1800 340:
848 1752 888 1793 hoc
901 1750 1003 1803 Berplrius
1014 1751 1107 1805 Spmbot.
1122 1751 1150 1793 ori
1162 1761 1253 1803 prumm.
1266 1749 1304 1791 lot.
1314 1762 1337 1802 p.
1350 1750 1388 1791 449

242 1853 252 1860 -
301 1824 474 1871 commendabat,
493 1822 547 1864 illud
566 1820 696 1864 114444441444
713 1818 768 1861 Ν44.
783 1819 833 1861 Eue.
843 1831 866 1871 p.
878 1818 913 1860 ⁷5.
942 1819 1052 1872 palaestra
1071 1819 1108 1860 nbi
1127 1830 1174 1860 eum
1192 1819 1254 1861 libris
1272 1817 1388 1860 editiones.

321 1938 437 2002 Exstat
451 1936 541 2001 locus
556 1934 588 1998 in
607 1933 798 1999 suauissima
819 1931 878 1996 illa
900 1930 1114 2014 descriptione
1136 1931 1289 2017 pristinae
1311 1931 1386 2006 edu-

236 2036 370 2103 cationis
388 2037 561 2103 seueritete
576 2055 614 2101 ac
630 2034 800 2119 disciplina
815 2033 981 2101 coercitae.
1020 2033 1068 2098 Ac
1089 2052 1239 2099 uersuum
1260 2034 1387 2101 illorum

236 2156 317 2222 quos
330 2158 429 2225 supra
450 2138 632 2224 scripsimus
655 2137 791 2223 tertium,
816 2157 887 2202 cum
910 2156 974 2201 una
996 2156 1066 2202 cum
1090 2134 1204 2201 ceteris
1227 2141 1312 2202 44444
1334 2155 1387 2201 ne·

236 2279 441 2288 η--α--η

324 2361 348 2421 4)
366 2357 499 2424 Bergkius
517 2354 615 2408 hocin
633 2354 693 2407 1444
711 2352 879 2406 laudatorem
896 2348 1001 2403 inuenit
1020 2349 1051 2402 G.
1071 2349 1212 2402 Goetuium
1234 2352 1316 2412 (Acta
1334 2367 1389 2407 soc.

235 2439 302 2508 phil.
316 2440 390 2507 Llps.
409 2445 429 2492 t.
441 2438 480 2491 VI
497 2455 524 2508 p.
539 2441 587 2492 259
601 2438 690 2501 adn),
714 2436 819 2489 4441444
838 2433 945 2502 quidem
964 2432 1091 2501 exemplis
1110 2440 1286 2502 aspernatum
1310 2436 1390 2491 huius

235 2523 342 2592 generis
360 2522 484 2577 artificia,

322 2611 347 2670 2)
365 2605 637 2674 inrepraesentando
650 2618 778 2657 uersuum
792 2602 979 2659 Plautinorum
991 2605 1119 2672 contextu
1138 2603 1276 2658 4444444444
1293 2605 1391 2660 litteris

236 2691 411 2760 exprimenda
430 2689 525 2746 curaui
543 2703 729 2758 quaecumque
747 2703 801 2742 non
819 2687 895 2742 libris
920 2692 1039 2757 (praeter
1055 2688 1232 2758 interpolatos
1250 2687 1321 2754 FZ),
1342 2689 1390 2744 sed

236 2776 400 2832 coniecturis
413 2775 582 2841 deberentur,
601 2774 729 2842 neglectis
742 2774 866 2828 nimirum
882 2774 1099 2843 orthographicis
1114 2772 1277 2845 quisquiliis,
1297 2773 1391 2829 addita

234 2860 340 2930 integra
357 2859 493 2918 uocabula
511 2859 589 2914 uncis
607 2859 637 2930 <>
655 2859 767 2929 insuper
788 2858 901 2925 inclusi,
927 2859 1053 2936 cancellis
1073 2865 1110 2924 [],
1135 2873 1203 2927 quae
1226 2859 1391 2929 interpolata

235 2946 371 3001 ducerem.
407 2945 459 3000 Ubi
477 2945 510 2998 de
529 2945 701 3000 coniecturae
718 2946 830 2998 auctore
848 2942 916 2996 nihil
933 2949 1050 2998 testatus
1069 2959 1142 3011 sum,
1161 2943 1302 2997 Ritschelii
1321 2945 1389 3000 scito

234 3035 374 3085 seruatum
387 3044 447 3083 esse
459 3028 617 3097 exemplum,
637 3041 654 3081 a
666 3027 743 3081 cuius
755 3027 914 3081 recensione
927 3041 951 3080 4.
967 3032 1031 3082 1849
1049 3029 1107 3102 ubi¹
1115 3028 1270 3082 recesserim
1283 3044 1390 3099 semper

234 3112 383 3168 indicatum
396 3118 445 3167 cst.
475 3111 601 3167 Ceterum
618 3112 766 3165 editionum
785 3111 891 3166 nomine
910 3109 1078 3177 significatur
1096 3128 1244 3168 consensus
1256 3113 1388 3168 Herman-

234 3197 341 3261 nisnae,
357 3196 568 3264 Ritschelisnae,
587 3196 839 3261 Fleckeisenisnse3
859 3200 966 3249 nostras
980 3197 1149 3251 coniecturas
1165 3197 1227 3252 Bru
1245 3199 1320 3267 signo
1339 3214 1388 3254 uo-

233 3285 306 3336 tatas
332 3280 473 3337 noluimus.
516 3282 677 3351 Ubicunque
701 3282 734 3337 de
758 3279 895 3347 scriptura
919 3278 978 3334 sine
1001 3280 1107 3336 Veteris
1136 3283 1193 3337 siue
1216 3283 1390 3339 Ambrosiani

233 3369 351 3420 testatus
369 3381 438 3436 sum,
457 3367 595 3422 sciendum
614 3371 655 3421 est
672 3367 835 3421 auctoritate
854 3381 895 3420 me
913 3367 952 3420 uti
970 3368 1019 3420 aut
1036 3365 1158 3434 Hugonis
1178 3367 1322 3421 Hinclrii
1341 3373 1389 3424 aut

235 3449 352 3504 Gusmui
369 3451 502 3506 Loewii.
538 3451 590 3505 Hic
608 3451 705 3506 eximia
726 3451 902 3519 benignitate,
928 3443 1106 3520 4444444444
1129 3451 1158 3505 44
1181 3453 1388 3520 palimpsestoc

234 3532 416 3589 Bacchidibus
435 3535 459 3589 44
477 3541 669 3605 apparuerant,
688 3534 830 3604 diligenter
848 3542 961 3590 exarata
979 3535 1042 3589 mihi
1060 3537 1193 3605 permisit;
1213 3551 1282 3605 quae
1297 3522 1393 3592 tamen

233 3618 351 3686 ignorari
364 3617 451 3673 noluit
462 3619 645 3688 transscripta
656 3625 761 3675 tantum
779 3636 796 3675 a
814 3636 844 3674 44
861 3636 911 3674 444
929 3620 1054 3675 secundis
1073 3621 1145 3675 curis
1163 3623 1303 3689 recognita
1320 3637 1387 3678 4444.

233 3701 341 3757 Veteris
365 3718 437 3758 noua
461 3703 613 3758 conlatione
637 3718 654 3758 a
678 3703 795 3761 Hinckio
824 3705 948 3761 confecta
971 3705 1042 3773 quod
1066 3707 1107 3760 uti
1130 3706 1195 3762 mihi
1219 3707 1333 3773 licebat,
1359 3707 1388 3762 id

233 3786 344 3856 Georgii
366 3786 471 3842 Gcetaii
495 3787 579 3843 debeo
604 3788 710 3844 liberali
734 3806 797 3859 erga
821 3806 864 3845 me
888 3790 1014 3845 comitati.
1050 3791 1214 3846 Manendum
1237 3797 1328 3846 autem
1351 3792 1386 3846 ab

232 3869 315 3924 huius
328 3871 525 3928 dissertationis
539 3873 650 3928 consilio
664 3873 854 3930 alienissimum
866 3875 950 3930 inisse
967 3875 1057 3929 omnia
1075 3891 1211 3940 enarrare,
1230 3892 1298 3946 4444
1315 3892 1388 3932 noua

232 3953 273 4007 illl
291 3954 438 4010 eruissent:
457 3957 538 4013 immo
557 3958 692 4027 permulta
708 3958 774 4012 mihi
792 3960 900 4030 quidem
918 3959 1065 4015 omittenda
1082 3974 1142 4014 esse
1160 3959 1232 4015 duxi.
1263 3961 1306 4018 De
1323 3961 1386 4017 reli-

232 4053 347 4106 quorum
359 4039 488 4096 librorum
501 4043 629 4097 memoria
641 4043 664 4098 si
676 4042 741 4112 quid
753 4045 839 4112 attuli,
853 4044 980 4101 haustum
991 4048 1034 4098 est
1045 4043 1211 4098 cRitschelii
1222 4061 1315 4115 appar.
1328 4048 1386 4102 crit.
