3080 4748
216 359 256 421 60
615 359 791 415 Guaitharins
807 359 981 416 Brachmaun

216 535 290 619 logo
312 533 457 600 Eunuchi
478 551 509 598 u.
531 534 571 594 25
594 532 691 597 refert
715 529 857 594 Colacem
880 552 947 594 osso
968 529 1075 594 Naeui
1097 539 1129 592 et
1149 527 1260 592 Plauti
1278 539 1362 592 aete·

216 655 284 698 ram
303 632 467 718 subulom3
497 629 584 714 quod
613 631 743 714 quidem
767 634 894 700 conlato
919 654 949 700 u.
973 637 1013 698 30
1039 629 1141 696 Colca
1166 629 1364 694 Mcaoodraat

217 742 250 801 et
270 755 300 801 u.
318 737 358 800 33
370 753 416 817 eq.
439 733 497 798 sed
516 754 570 796 cus
592 730 674 818 (soil.
686 734 855 819 personas)
876 731 931 818 <ob
951 731 1038 817 aliu>
1051 731 1163 816 stactae
1183 733 1274 816 patus
1295 729 1363 794 Lo·

217 839 300 900 tritos
320 837 415 900 sciara
435 856 519 910 aare,
549 833 584 897 id
602 855 681 898 uero
703 845 860 920 peoaopat
885 835 973 902 nullo
1002 834 1066 900 alio
1094 832 1189 901 modo
1218 832 1363 916 intellegi

216 945 322 1024 potest
343 937 404 1004 nisi
425 938 501 1004 hoc:
530 935 646 1004 Naeuii
667 935 825 1020 fabulam,
850 956 890 1004 ex
911 935 1078 1003 Menandri
1099 935 1229 1018 quidem
1247 933 1364 1002 Colace

217 1059 354 1124 uersam,
376 1060 396 1105 a
418 1038 534 1105 Plauto
555 1038 766 1105 instauratam
789 1057 861 1107 esse
871 1038 902 1121 ¹).

303 1140 435 1207 Constat
454 1139 552 1222 igitur
572 1158 644 1206 eam
667 1160 762 1223 quam
785 1139 924 1206 diximus
945 1158 1012 1205 rem
1035 1137 1282 1205 aRomanorum
1304 1157 1364 1203 usu

217 1241 363 1309 scaenico
386 1241 515 1310 minime
537 1240 755 1323 abhorruisse,
784 1260 888 1323 neque
912 1238 1087 1324 quidquam
1112 1240 1154 1306 ab
1184 1237 1245 1304 hac
1272 1243 1364 1324 parte
1462 1295 1465 1316 ,

218 1343 336 1411 orietur
357 1340 570 1427 difficultatis,
599 1342 627 1410 si
650 1343 844 1426 argumentis
866 1340 996 1409 aliunde
1021 1339 1130 1426 petitis
1158 1339 1363 1423 adducamur,

218 1450 253 1510 ut
275 1463 345 1510 cum
373 1443 565 1525 reliquorum
595 1444 784 1510 comicorum
815 1449 880 1510 tum
903 1443 1009 1509 Plauti
1036 1441 1162 1509 fabulas
1191 1441 1365 1522 antiquitus

218 1549 405 1612 retractatas
427 1563 498 1611 esse
519 1545 694 1612 credamus.

304 1681 323 1759 ξ
345 1683 374 1745 2.
410 1682 478 1747 Iam
495 1699 570 1746 uero
586 1680 734 1761 leguntur
747 1679 780 1744 in
795 1677 967 1746 comoediis
981 1679 1098 1761 latinis,
1121 1697 1204 1760 quae
1226 1683 1365 1744 aetatem

219 1783 368 1863 tulerunt,
391 1781 453 1845 loci
470 1780 556 1847 hand
573 1779 668 1863 pauci
690 1798 820 1846 numero
842 1779 889 1860 ita
910 1779 1081 1863 constituti,
1104 1779 1247 1847 utnulla
1269 1777 1364 1847 modo

219 1883 306 1950 credi
327 1882 451 1966 possint
472 1881 604 1964 pristino
627 1887 741 1965 poetae
763 1881 894 1974 consilio
917 1900 988 1947 cum
1013 1881 1139 1963 reliqua
1166 1882 1218 1949 uel
1248 1899 1366 1947 scaena

219 1985 272 2049 uel
294 1983 405 2048 fabula
426 1982 583 2049 coniuncti
605 1983 712 2049 fuisse.
753 1982 897 2049 Aliorum
920 1983 1003 2049 enim
1025 1987 1245 2068 argumentum
1268 1986 1324 2049 aut
1345 2001 1366 2048 a

220 2083 448 2151 sententiarum
468 2105 553 2151 nexu
575 2085 714 2152 alienum
737 2089 787 2151 est
808 2091 864 2151 aut
884 2084 933 2169 iis,
957 2104 1039 2167 qnae
1061 2085 1134 2150 aliis
1155 2082 1296 2149 eiusdem
1318 2082 1363 2147 ia·

221 2187 315 2252 bulae
337 2186 416 2252 loeis
438 2187 506 2252 siue
529 2186 674 2253 dicuntur
695 2186 764 2252 siue
789 2194 941 2269 aguntur,
970 2193 1081 2268 aperte
1111 2191 1281 2268 repugnat:
1310 2182 1365 2250 alii

220 2308 339 2371 eorum,
362 2306 444 2369 quae
466 2293 522 2355 aut
545 2307 641 2372 supra
663 2296 718 2352 aut
739 2287 822 2352 infra
843 2289 1003 2370 leguntur,
1026 2306 1154 2371 prorsus
1175 2284 1306 2368 gemelli
1328 2305 1366 2351 ao

218 2389 331 2458 uicarii
353 2407 425 2453 esse
446 2388 518 2471 ipsa
539 2409 642 2454 rerum
665 2388 954 2470 sententiarumque
977 2387 1181 2472 aequalitate,
1207 2386 1366 2453 interdum

219 2489 302 2555 adeo
330 2489 498 2554 uerborum
527 2488 734 2556 similitudine
764 2491 932 2557 manifesto
962 2496 1143 2573 arguuntur.
1195 2488 1366 2570 Utriusque

218 2589 344 2673 generis
361 2590 537 2656 communis
554 2608 592 2654 ea
607 2597 656 2658 est
671 2590 825 2672 condicio,
848 2595 883 2656 ut
904 2591 1000 2657 nullis
1023 2589 1179 2656 machinis
1200 2610 1271 2656 cum
1294 2588 1367 2656 aliis

220 2688 363 2758 eiusdem
378 2689 508 2758 tabulae
522 2693 666 2776 partibus
684 2692 847 2760 conciliari
868 2692 998 2777 possint.
1036 2691 1133 2758 Cuius
1155 2691 1202 2757 rei
1223 2697 1258 2756 ut
1279 2691 1365 2756 lucu-

218 2791 398 2860 lentissima
420 2792 562 2863 adferam
586 2797 750 2880 exempla:
772 2797 837 2861 iam
859 2815 953 2862 numo
974 2793 1076 2860 nescit
1098 2800 1133 2858 ut
1147 2790 1286 2858 Andriae
1304 2791 1365 2856 Te·

218 2895 381 2980 rentianac
399 2895 446 2960 ita
460 2895 594 2962 Poenuli
614 2896 783 2963 Plautinae
806 2897 966 2980 duplicem
989 2900 1115 2961 exstare
1138 2894 1267 2976 exitum,
1290 2913 1365 2976 quo·

219 3015 287 3062 rum
310 2993 438 3078 quidem
460 3002 593 3080 apparet
614 2998 800 3064 alterutrum
823 3003 946 3062 tautum
969 2995 1001 3062 in
1024 3013 1141 3061 scaerm
1162 2995 1288 3062 recitari
1309 3013 1364 3078 po-

219 3095 325 3162 tuisse.
370 3095 435 3162 Sed
457 3095 490 3160 in
513 3094 627 3162 mediis
650 3115 775 3178 quoque
797 3097 916 3163 tabulis
938 3097 1092 3163 Plautinis
1122 3097 1189 3163 fere
1220 3095 1366 3162 omnibus

219 3195 338 3282 passim
361 3195 564 3262 inueniuntur
585 3197 656 3280 loci,
683 3216 816 3278 quorum
840 3219 879 3265 ea
902 3219 996 3282 quam
1019 3197 1087 3264 dixi
1111 3204 1159 3262 est
1180 3195 1306 3262 indoles
1328 3215 1367 3262 ao

219 3303 342 3365 natura.
379 3296 484 3379 Atque
500 3296 737 3364 manifestorum
753 3298 882 3380 quidem
898 3299 991 3366 huius
1005 3298 1134 3383 generis
1148 3298 1366 3382 exemplorum

219 3400 298 3466 satis
320 3417 437 3480 magna
460 3399 552 3483 copia
574 3418 643 3466 cum
667 3399 880 3480 antiquiorum
904 3401 1092 3482 criticorum,
1115 3399 1259 3483 inprimis
1280 3417 1366 3465 acer·

220 3499 290 3564 rimi
310 3499 395 3564 iliius
417 3499 694 3584 interpolationum
718 3499 923 3585 indagatoris,
946 3501 1149 3567 Francisoum
1171 3501 1366 3583 Guyctum

220 3599 302 3683 dico,
325 3599 470 3664 acumine
485 3601 620 3684 cognita,
643 3607 709 3668 tum
733 3609 842 3669 nostra
863 3609 970 3670 aetate
991 3603 1024 3667 in
1047 3600 1186 3667 medium
1204 3604 1367 3685 protracta

220 3705 345 3783 patent:
368 3720 430 3764 non
445 3720 548 3784 pauca
562 3702 595 3766 in
610 3703 777 3768 continuae
793 3705 943 3770 orationis
958 3703 1074 3788 specie,
1098 3721 1193 3784 quam
1215 3701 1368 3767 uidelicet

219 3801 293 3868 iibri
316 3799 535 3882 editionesque
557 3821 635 3888 prae
657 3823 691 3869 se
713 3804 833 3887 ferunt,
863 3803 1085 3871 delitescentia
1107 3803 1269 3869 hominum
1293 3801 1365 3869 doc·

220 3905 323 3967 torum
345 3901 449 3967 adhuc
471 3911 657 3987 exspectant
679 3924 795 3970 curam.

220 4020 423 4030 ——-—--—·—-——-

308 4088 331 4151 1)
350 4082 390 4137 ci.
409 4083 588 4140 Bitscheiium
605 4084 713 4156 Parerg.
731 4103 759 4156 p.
778 4089 905 4142 tae-tor.
