3080 4748
262 319 302 382 ’18
660 313 837 370 Gueltherius
855 313 1027 370 Buechmenn

261 511 324 578 quo
347 491 380 558 in
402 507 534 558 numero
556 491 670 574 sponte
692 505 728 552 se
756 485 977 552 continuerunt
1003 483 1125 568 priores
1153 483 1236 550 dnae
1263 483 1422 568 nimirum

261 594 304 661 eb
326 589 553 660 additamentis
575 587 748 674 proiectae.

344 695 452 776 Atque
467 691 528 758 hoc
550 689 679 774 quidem
695 686 830 756 Poenuli
853 688 933 770 loeo,
956 687 984 753 si
1007 685 1083 770 quid
1105 686 1297 771 profecimus
1319 706 1422 774 supe-

256 797 345 864 riore
361 793 586 881 disputatione,
610 789 715 874 quarti
729 789 855 872 generis
871 787 1107 872 integerrimum
1125 788 1281 856 hebemus
1306 807 1422 856 exem-

259 900 346 986 plum
357 897 394 980 ¹):
417 895 548 966 secundi
564 893 686 976 insigne
702 911 799 958 unum
815 891 976 978 specimen
993 912 1034 958 ex
1048 890 1244 958 Bacchidem
1260 909 1304 956 sc.
1319 891 1366 957 IV
1379 895 1421 962 9.·

260 999 544 1068 inireedieremns.
571 995 608 1060 ln
622 992 726 1078 primo
737 998 844 1058 eutem
859 1011 978 1076 genere
988 997 1165 1074 uersentur,
1181 1011 1264 1075 quac
1275 991 1313 1058 Ο.
1325 992 1421 1058 Rib-

260 1101 429 1170 beckius
457 1099 491 1164 in
512 1096 616 1163 Musei
638 1093 783 1160 Bhenani
811 1099 897 1160 tomo
920 1094 1030 1184 XXIX
1052 1114 1083 1179 p.
1107 1096 1146 1158 23
1163 1112 1211 1175 sq.
1235 1092 1277 1160 de
1298 1093 1420 1160 Militis

259 1201 398 1270 Gloriosi
420 1197 566 1266 uersibus
588 1197 770 1263 637-672
798 1194 989 1279 disputeuit,
1017 1195 1140 1261 scilicet
1168 1193 1197 1259 si
1223 1189 1420 1280 probaueris

258 1303 317 1370 Fr.
341 1297 626 1382 Schmidtium;
654 1296 688 1362 in
716 1294 963 1375 Quaestionibns
992 1295 1033 1362 de
1060 1296 1167 1362 Plauti
1194 1295 1295 1362 Milite
1325 1297 1416 1366 Glcr.

257 1427 289 1492 p.
306 1403 474 1470 aer-352
497 1399 727 1482 digressionem
749 1398 839 1464 illenr
861 1397 936 1464 inde
951 1417 972 1462 a
986 1418 1016 1464 u.
1034 1401 1095 1462 612
1111 1397 1154 1464 ed
1170 1403 1230 1464 765
1253 1397 1416 1483 integram

258 1501 474 1574 remediatoris
497 1522 568 1570 esse
590 1500 843 1569 additamentum
866 1497 1133 1583 eldmensens:
1164 1498 1207 1564 ad
1230 1499 1316 1582 quod
1343 1503 1415 1582 qui-

259 1609 332 1678 dem
360 1605 479 1692 pariter
506 1603 643 1688 pertinet
671 1600 869 1668 Curculionis
891 1601 1073 1686 exemplum
1104 1601 1146 1681 (u.
1171 1602 1369 1686 use-298)
1395 1625 1418 1670 a

260 1712 297 1778 G.
313 1706 482 1776 Goetnio
506 1704 538 1771 in
555 1703 698 1770 eiusdem
712 1701 815 1768 Musei
835 1707 921 1768 tomo
936 1702 1077 1768 XXXIV
1099 1723 1129 1788 p.
1147 1706 1315 1767 663-668
1338 1703 1416 1770 illu-

258 1818 402 1890 stratum,
425 1823 563 1872 necnon
579 1803 687 1884 aliquo
708 1801 813 1885 modo,
838 1822 921 1885 quae
943 1802 1040 1889 paulo
1062 1809 1136 1887 post
1159 1804 1200 1871 dc
1214 1804 1415 1872 Bacchidem

258 1909 406 1978 uersibus
429 1907 596 1970 see-403
621 1902 849 1970 enarrabimus.

344 2007 493 2075 Ceterum
508 2002 707 2071 subtiliorem
723 2005 813 2071 illam
829 2023 925 2088 quam
947 2005 1185 2073 enucleeuimus
1207 2007 1415 2089 partitionem

257 2131 298 2180 ne
320 2110 352 2177 in
374 2107 500 2194 pusillis
522 2107 618 2174 rebus
640 2105 744 2192 iisque
766 2106 931 2173 inutilibus
953 2105 1090 2174 habeus:
1112 2127 1187 2173 num
1210 2107 1288 2189 quid
1303 2109 1416 2176 ualeat

258 2213 301 2282 ed
315 2213 399 2280 hanc
414 2209 632 2296 quaestionem
647 2209 772 2294 plenius
793 2207 1050 2306 perspiciendum
1073 2215 1139 2274 tum
1162 2208 1279 2275 rectius
1301 2209 1410 2277 existi·

258 2316 412 2397 mabitur,
442 2332 513 2380 cum
535 2310 653 2393 aliquis
675 2308 807 2395 perinde
836 2329 875 2375 ec
901 2328 960 2374 nos
983 2310 1087 2376 Plauti
1106 2309 1288 2379 Bacchides
1317 2313 1411 2394 quasi

257 2414 454 2501 prouinciam
470 2411 675 2496 suscepimus,
692 2430 733 2476 ex
748 2408 880 2493 reliquis
895 2409 1012 2477 fabulis
1027 2429 1247 2494 quaecumque
1260 2414 1413 2498 exempla

258 2515 385 2583 adhoc
408 2531 509 2598 genus
538 2511 697 2596 pertinere
724 2509 894 2576 uideantur
921 2513 1145 2594 percensuerit.
1190 2513 1320 2580 Interim
1343 2535 1410 2596 mo-

259 2633 463 2648 ,,,-......-..

342 2702 369 2765 i)
386 2696 563 2765 Aliquantum
577 2693 613 2750 ed
627 2694 708 2750 huius
725 2694 764 2749 rci
777 2693 976 2750 similitudinem
991 2695 1131 2763 accedunt,
1150 2712 1221 2765 quae
1231 2697 1276 2750 Fr.
1286 2696 1410 2753 Schmid-

256 2786 310 2842 tius
326 2783 449 2854 Quaestt.
465 2779 548 2836 dePl.
558 2781 616 2836 Mil.
626 2781 700 2837 Glor.
716 2798 742 2851 p.
753 2784 803 2835 332
816 2781 849 2836 de
863 2781 935 2838 illius
950 2781 1061 2837 fabulae
1075 2780 1199 2836 uersibus
1218 2786 1291 2836 1127.
1309 2779 1357 2837 981
1369 2799 1410 2852 sq.

259 2875 321 2926 1099
332 2887 371 2940 sq.
390 2868 542 2938 adsumptis
564 2871 626 2922 1147
636 2883 676 2936 sq.
695 2865 829 2922 disseruit.
1438 2897 1446 2902 .

342 2960 368 3019 2)
386 2955 479 3024 Ipsum
498 2953 567 3006 enim
584 2952 673 3006 locum
690 2951 764 3003 illum
782 2949 850 3012 (Mil.
869 2949 911 3001 Gl.
930 2953 1088 3014 637-672,
1106 2948 1141 3003 cf.
1159 2947 1338 3004 Schmidtium
1356 2950 1374 3005 l.
1392 2953 1409 3006 l.

255 3055 283 3107 p.
293 3043 342 3093 352
353 3038 427 3101 edn.)
445 3035 611 3089 Ribbcclrius
623 3032 725 3100 duplici
737 3033 924 3086 retractatoris
943 3032 1125 3086 additamento
1144 3062 1178 3070 -
1196 3048 1258 3087 nem
1278 3033 1350 3102 quod
1366 3036 1410 3090 in-

255 3135 338 3190 super
349 3135 375 3172 u.
385 3123 434 3172 643
442 3134 482 3186 sq.
501 3115 710 3184 dittographiem
721 3129 781 3168 esse
793 3113 862 3168 uidit
872 3131 968 3170 uersus
982 3121 1045 3183 666,
1064 3116 1136 3170 hano
1152 3117 1211 3186 ipse
1230 3133 1335 3188 quoquc
1352 3135 1410 3176 non

254 3213 310 3260 tem
328 3219 345 3258 e
363 3205 542 3257 retracteture
559 3198 674 3268 quodem
692 3198 831 3262 scaenico,
854 3214 934 3268 quem
956 3200 990 3254 ab
1012 3200 1207 3270 interpolatore
1228 3207 1350 3270 repetere
1367 3204 1410 3258 ui-

254 3291 334 3347 detur
352 3320 384 3328 -
402 3286 582 3343 deformatum
594 3299 654 3338 esse
672 3281 772 3348 docuit,
791 3298 903 3350 quorum
920 3289 1011 3340 temen
1028 3287 1143 3340 alterum
1160 3284 1195 3339 eb
1214 3285 1299 3341 eltcro
1318 3301 1410 3355 segre·

254 3379 347 3442 gaeum
362 3378 421 3428 este·
436 3373 558 3428 similiter
567 3385 600 3424 ec
609 3369 637 3424 O.
650 3368 782 3422 Dciatzkc
795 3367 866 3422 Mus.
878 3366 963 3424 Rhen.
974 3367 1066 3424 XXVI
1076 3385 1101 3438 p.
1113 3373 1162 3424 436
1172 3385 1211 3440 sq.
1227 3369 1272 3434 (ci.
1282 3371 1314 3425 L.
1325 3371 1408 3428 Reiu-

253 3458 380 3513 herdtum
397 3457 426 3510 in
444 3454 621 3511 Studcmundi
639 3453 715 3509 Stud.
734 3451 788 3508 nol.
802 3450 842 3505 11
863 3468 889 3522 p.
898 3455 1014 3524 66-93,
1040 3454 1235 3510 Dcietekonem
1257 3454 1354 3510 iterum
1379 3457 1408 3511 in

253 3543 324 3598 Mus.
343 3541 430 3596 Rhen.
452 3544 471 3595 t.
485 3539 579 3594 XXIX
595 3556 622 3608 p.
637 3543 669 3594 63
679 3542 731 3609 sq.)
748 3536 853 3606 prologi
870 3536 1032 3594 Mercatoris
1050 3554 1138 3608 neque
1154 3556 1183 3593 u.
1199 3542 1296 3594 12-17
1320 3554 1410 3609 neque

256 3630 355 3682 18-39
373 3622 501 3679 Plautum
514 3625 615 3680 hebere
626 3628 763 3678 auctorem
777 3621 878 3677 uoluit:
897 3621 1042 3691 adspersos
1056 3627 1145 3679 temen
1159 3639 1219 3678 esse
1237 3624 1327 3692 priore
1344 3625 1407 3681 illos

254 3717 382 3782 tempore,
400 3709 551 3779 posteriore
569 3707 696 3772 (fortasse
709 3707 815 3776 quidem
831 3706 939 3762 omnino
954 3723 1008 3761 non
1022 3708 1051 3762 in
1064 3723 1142 3762 usum
1157 3710 1310 3764 scaenicum
1323 3709 1407 3765 febri-

254 3801 340 3862 cetos)
364 3795 423 3850 hos.
460 3791 584 3848 Ceterum
602 3805 667 3846 uere
683 3791 749 3845 mihi
766 3792 874 3848 uidetur
892 3796 919 3846 et
936 3790 1100 3847 Schmidtius
1117 3795 1202 3847 tutem
1220 3793 1293 3848 illem
1311 3793 1407 3850 Militis

254 3881 328 3936 (lior.
347 3879 517 3948 pericopem,
541 3891 610 3947 ques
628 3875 782 3931 continetur
798 3876 923 3932 uersibus
942 3879 1092 3944 612-766,
1118 3891 1156 3932 cx
1174 3877 1244 3934 elie
1262 3879 1407 3948 quedem

255 3961 433 4019 comoedia
449 3962 564 4018 letina
580 3959 721 4030 repetiisse
738 3967 765 4015 ct
778 3953 906 4016 Goeteius
917 3960 980 4016 Act.
996 3958 1099 4016 soc.Vl
1114 3975 1140 4030 p.
1151 3965 1201 4016 313
1216 3963 1278 4018 adn.
1294 3964 1407 4018 similem

254 4046 435 4116 suspicionem
454 4047 573 4102 mouisse
590 4045 624 4100 de
642 4047 704 4101 ortu
724 4059 852 4099 uersuum
870 4045 952 4100 Poeu.
971 4044 1023 4112 12,
1037 4047 1179 4100 iii—197.
