3092 4756
257 327 320 388 156
655 321 832 380 Gueltlrerius
850 323 1024 402 Brachmaun

256 518 343 564 mum
358 481 478 564 addere
493 495 738 581 explicationem
753 493 941 580 interposita
957 492 1086 576 quidem
1101 493 1235 561 alterius
1251 515 1425 579 personae

257 599 421 666 breuicula
449 597 712 680 interrogatione,
741 597 854 678 quales
881 601 969 663 suut:
1000 593 1149 680 quidum?
1179 597 1246 680 qni,
1277 596 1426 662 amabo?
1497 653 1526 692 s.

258 719 339 784 quor
368 697 513 762 tandem?
542 699 592 762 dic
619 697 795 784 quomodo?
823 696 1008 779 similesque
1037 694 1197 762 audientis
1225 693 1424 764 admiratio-

257 819 332 866 nem
362 800 577 885 exprimentes
589 799 620 882 ¹).
671 801 782 866 Potest
809 805 933 878 tamen,
961 803 997 862 ut
1023 815 1167 864 rasuram
1194 796 1284 863 illam
1314 799 1425 864 trium
1496 827 1527 862 ..;

257 901 436 968 litterarum
450 921 472 968 a
486 899 704 986 dittographia
718 899 855 967 uoculae
869 897 929 960 loe
943 898 1151 981 repetendam
1167 917 1237 966 esse
1255 899 1327 966 ueri
1351 921 1424 967 non

259 1003 415 1070 dissimile
430 1008 488 1084 est,
510 1001 556 1068 ite
569 1001 709 1086 spatium
730 1005 805 1066 ante
826 998 886 1061 bac
909 1017 1045 1065 uacuum
1067 1019 1088 1065 a
1109 999 1239 1065 librario
1262 1000 1423 1067 relictum
1523 999 1531 1034 ’-

259 1121 347 1171 mero
370 1122 446 1169 casu
468 1106 572 1168 ortum
593 1101 744 1168 simulare
766 1104 889 1166 tantum
911 1097 1094 1165 detrimenti
1115 1100 1239 1184 accepti
1256 1101 1422 1183 speciem.
1537 1173 1541 1180 ¹

344 1207 429 1280 546.
466 1201 526 1271 His
540 1201 696 1268 absolutis
715 1207 914 1268 transcamus
936 1198 980 1264 cd
1001 1198 1222 1266 difficillimam
1245 1203 1422 1268 tertiam
1511 1215 1534 1289 ..j

258 1303 378 1370 huius
405 1320 581 1370 scaenae
609 1308 773 1386 partem.
817 1302 908 1382 Quae
938 1299 1067 1384 quidem
1091 1319 1155 1382 qua
1175 1301 1209 1366 iu
1231 1304 1422 1394 exemplari
1515 1363 1541 1378 .,

257 1401 458 1471 Ritcheliano
484 1404 601 1488 legitur
628 1402 717 1470 facili
745 1401 957 1468 concinnitate
984 1401 1184 1483 aliquantum
1209 1421 1288 1469 sane
1315 1405 1422 1472 abest
1506 1428 1541 1462 -2w

257 1525 279 1570 a
300 1504 518 1572 turbatissimo
538 1504 657 1588 forma,
687 1522 783 1586 quam
804 1503 877 1570 libri
898 1502 1062 1588 praebent.
1107 1502 1229 1586 Quare,
1257 1522 1330 1569 cum
1355 1510 1423 1572 eas'
1509 1515 1531 1578 ,“

258 1605 458 1691 potissimum
485 1605 692 1686 offensiones,
723 1623 806 1688 quae
834 1604 895 1670 bno
922 1604 955 1668 iu
983 1603 1170 1686 quaestione
1196 1602 1239 1670 ad
1267 1606 1419 1672 calculos
1522 1599 1541 1636 2

257 1706 424 1774 uocaudae
438 1707 511 1789 sint,
533 1703 725 1772 Ritschclius
740 1705 892 1797 mutando
906 1711 963 1773 aut
983 1704 1146 1771 sustulerit
1167 1710 1222 1771 aut
1244 1705 1286 1771 ab
1308 1705 1419 1772 oculis

258 1807 443 1876 remouerit:
472 1811 508 1872 ut
528 1804 652 1871 firmum
681 1810 809 1872 nostrae
838 1804 1047 1888 disputationi
1075 1805 1268 1872 subiciamus
1295 1805 1418 1872 rnnda-

258 1914 411 1991 mentum,
433 1924 538 1988 neque
560 1924 678 1991 operae
699 1924 803 1988 neque
825 1905 956 1973 chartae
976 1904 1172 1992 parcendum
1194 1925 1266 1974 esse
1288 1906 1417 1974 iudica-

257 2007 362 2074 uimus
385 2008 462 2091 quin
483 1997 746 2092 integram'benc
771 2013 913 2092 partem,
943 2007 1047 2090 qualis
1077 2013 1181 2074 exstet
1207 2007 1240 2072 iu
1263 2008 1415 2075 Vetere

259 2108 431 2193 codice,
462 2108 634 2176 secuudum
662 2106 829 2175 Hinekii
858 2106 1110 2189 testimonium²)
1141 2108 1311 2188 diligenter
1337 2129 1414 2192 per-

257 2211 411 2295 scriptam
432 2216 506 2279 ante
525 2212 634 2278 oculos
656 2229 822 2295 ponamus.
857 2207 1000 2291 Accedit,
1023 2207 1110 2292 quod
1131 2207 1202 2293 ipsa
1223 2208 1304 2276 mira
1326 2230 1414 2293 quae

258 2313 377 2380 tradita
400 2317 450 2380 est
470 2332 618 2379 uersuum
640 2309 804 2394 discriptio
825 2329 889 2376 nou
910 2308 1123 2392 spernendam
1148 2310 1308 2377 nonnullis
1330 2312 1414 2379 loeis
1528 2345 1537 2396 3·

258 2414 414 2498 praebere
436 2411 606 2479 uidebatur
627 2408 815 2477 restituendi
837 2428 958 2474 ansam.
1002 2409 1160 2477 Numeros
1182 2410 1413 2495 adscripsimus
1530 2448 1533 2460 ι

258 2519 292 2580 et
313 2512 407 2578 buius
428 2531 567 2578 scaenae
588 2511 689 2597 ipsius
713 2508 841 2592 quddam
862 2508 988 2576 Veteris
1009 2515 1212 2578 numerantes
1233 2512 1412 2581 uersiculos

259 2618 292 2679 ct
321 2610 470 2706 editionis
494 2611 741 2680 Bitschelianae.
784 2609 924 2678 Additae
951 2616 1024 2677 sunt
1051 2617 1227 2680 ceterorum
1256 2613 1411 2680 librorum

259 2707 476 2797 discrepantes
497 2712 673 2799 scripturae
696 2732 778 2796 quae
801 2711 930 2795 quidem
957 2709 1146 2797 insigniores
1176 2713 1367 2781 uidebantur
1391 2736 1412 2781 e

258 2814 426 2882 Ritsehelii
447 2822 604 2900 apparatu
626 2815 735 2883 critico
760 2814 913 2883 delectae.

346 2969 370 3029 1)
387 2963 439 3019 Ειι.
452 2981 475 3019 c.
490 2964 524 3020 cl.
537 2965 609 3019 Meu.
625 2969 680 3018 itii.
696 2964 777 3018 Most.
788 2969 845 3018 733.
865 2964 927 3018 Ter.
937 2963 1005 3018 Hcc.
1016 2968 1079 3030 3193
1098 2963 1206 3032 saepius
1219 2963 1412 3030 respondentis

258 3047 346 3100 oratio
358 3047 455 3114 incipit
467 3058 484 3100 a
496 3047 689 3103 coniunctione
700 3050 773 3117 quia,
786 3049 862 3102 uelut
873 3047 930 3102 Mil.
941 3049 984 3102 (il.
995 3053 1052 3102 325.
1064 3049 1164 3116 Amph.
1177 3051 1251 3101 1032.
1265 3047 1339 3102 Trln.
1352 3053 1412 3102 166.

245 3143 247 3148 ’
258 3130 383 3184 Ceterum
395 3129 480 3184 simile
493 3133 536 3183 est
547 3129 673 3196 loquendi
684 3145 776 3198 genus,
790 3131 863 3198 quod
874 3132 1005 3188 habemns
1017 3132 1046 3187 in
1056 3130 1157 3187 Bacch.
1169 3149 1196 3185 u.
1206 3135 1269 3186 317:
1287 3131 1335 3185 ubi
1348 3147 1412 3186 cunr

257 3212 356 3269 Bothio
374 3212 548 3270 scribendum
565 3211 673 3267 uidetur
690 3211 745 3278 Qui
759 3214 864 3268 nescis?
883 3234 904 3269 ιι
914 3214 1035 3280 Ouia...
1054 3231 1103 3271 seu
1120 3214 1218 3285 potius,
1236 3219 1268 3269 ut
1284 3219 1411 3270 seruetur

257 3298 359 3354 treffita
376 3296 509 3354 uetustior
526 3295 640 3352 oblatiui
656 3296 752 3361 forma,
772 3293 845 3362 Quid
861 3298 975 3365 nesciri,
993 3314 1048 3354 uon
1066 3315 1127 3354 curu
1145 3298 1249 3354 Ritsch.
1268 3303 1295 3352 et
1312 3299 1410 3354 Fleck.

155 3461 157 3466 y
257 3382 347 3448 Quid?
364 3384 470 3438 neseis?

343 3469 369 3530 2)
387 3465 506 3522 Pusillus
518 3466 654 3536 quaslibet
665 3481 709 3521 res
721 3481 776 3522 non
787 3465 884 3521 anxius
897 3466 1021 3521 hocloco
1036 3467 1131 3521 curaui
1143 3481 1224 3536 quern
1236 3481 1320 3535 supra
1333 3469 1349 3535 ξ
1360 3471 1409 3535 293

258 3548 389 3605 nonnulla
405 3553 547 3618 praeterea
564 3551 593 3606 in
609 3553 663 3607 hcc
679 3565 777 3620 genere
794 3565 829 3605 ex
847 3549 1000 3605 conlatione
1016 3551 1064 3606 illu
1081 3550 1199 3605 dilucide
1217 3551 1343 3618 cognosci
1360 3565 1409 3604 ns-

231 3687 235 3698 ,
259 3634 382 3704 quibant.
417 3631 471 3688 Sed
487 3634 638 3702 sciendum,
663 3637 721 3691 ubi
738 3633 982 3704 interpunctionem
1000 3634 1221 3702 signifieauerim,
1243 3635 1282 3689 ibi
1298 3633 1411 3688 Hiuclrii

258 3734 301 3774 me
318 3717 360 3773 uti
376 3717 551 3786 auetoritote3
578 3719 714 3774 contrario
732 3721 811 3775 modo
834 3735 889 3775 nou
911 3718 1111 3787 interpunxisse
1134 3719 1276 3774 librarium
1298 3719 1410 3787 reliquis

257 3803 326 3859 locis
344 3817 378 3858 ex
396 3801 502 3858 silentio
520 3799 654 3869 conligere
671 3803 816 3858 nonlicet.
852 3803 980 3860 Similiter
996 3802 1204 3869 grandiusculae
1227 3803 1334 3862 litterae
1356 3801 1409 3856 ini-

257 3886 338 3941 tiales
349 3887 378 3942 in
390 3887 443 3942 hoc
455 3885 576 3955 exemplo
595 3899 650 3939 non
668 3899 813 3954 expressae
830 3888 884 3943 nisi
901 3888 948 3943 ubi
963 3887 992 3942 in
1009 3887 1165 3943 membrana
1183 3891 1310 3943 exaratae
1328 3889 1410 3957 sunt;

257 3983 346 4038 neque
357 3975 448 4026 tamen
461 3967 644 4027 contenderim
656 3969 701 4023 uel
712 3967 851 4042 philippic
868 3987 895 4026 u.
908 3978 941 4028 68
956 3972 1001 4027 uel
1016 3969 1069 4025 met
1085 3989 1111 4026 u.
1125 3977 1158 4028 84
1175 3972 1308 4028 similiaue
1325 3987 1342 4026 a
1360 3971 1410 4026 nri·

258 4054 373 4110 nuseula
390 4055 510 4125 incipere
526 4054 625 4109 littero.
