3092 4756
330 314 372 368 De
390 313 556 369 Bacchidum
573 312 716 368 Plautinae
733 315 925 370 retractatione
943 314 1076 368 scaenica.
1217 314 1276 374 1111

135 487 182 552 llx
197 484 246 551 his
261 483 519 551 Ritschelius
541 485 715 552 exteriores
734 483 864 566 quidem
878 485 998 570 recepit
1012 485 1046 552 in
1061 505 1152 554 suam
1175 505 1283 554 recen-

135 587 262 672 sionem,
283 585 345 652 nisi
363 586 450 667 quod
472 585 559 651 etin
581 586 684 670 primo
706 586 835 652 retinuit
856 587 947 649 sotin’
972 607 1076 670 neque
1097 589 1228 656 inseruit
1250 589 1284 656 in

135 694 242 769 quarto
265 688 339 752 hoe:
362 687 487 754 medios
503 687 548 753 ita
563 687 751 770 inmutauit,
775 692 810 753 ut
832 689 875 754 ad
895 688 1077 772 supplenda
1091 689 1171 758 haec
1193 689 1286 769 Quod

134 789 209 852 1111·
220 800 299 863 eret,
322 787 436 873 (none)
458 788 494 850 id
506 809 554 850 me
573 789 692 852 e'noret
711 808 823 856 uersus
839 793 878 853 79
902 790 964 856 huc
985 789 1178 858 adscisceret
1199 792 1283 875 prio·

133 911 195 957 rem
222 898 365 976 partem:
393 889 503 955 BAC:
536 890 579 951 Te
601 889 709 955 amolo
739 902 770 954 et
796 902 827 954 te
856 891 1078 976 amplexatam
1108 891 1183 958 dein
1209 898 1283 977 post

133 1011 255 1058 uersum
270 995 311 1057 88
333 1010 438 1074 neque
458 991 634 1075 dispestum
655 991 747 1058 illum
770 992 900 1074 quidem
923 999 955 1061 et
976 993 1073 1078 plane
1095 1013 1136 1058 ex
1152 992 1284 1067 Schnei-

133 1092 197 1159 deri
213 1094 395 1160 coniectura
410 1092 572 1178 scriptum,
595 1112 695 1176 aqua
709 1094 911 1162 Hermannus
927 1115 966 1161 eo
988 1100 1172 1178 recesserat,
1196 1095 1284 1177 quod

132 1194 238 1256 uellem
253 1194 419 1261 substituit
433 1214 490 1279 pro
505 1193 668 1257 mucellam
686 1215 739 1280 ’-,
754 1215 837 1279 pone
855 1197 938 1264 hunc
960 1196 1160 1264 conlocatum
1182 1202 1284 1264 totum

131 1296 282 1362 insereret
303 1315 431 1362 uersum
455 1298 703 1380 7731postremo
728 1296 915 1365 lacunosum
943 1299 1065 1366 scilicet
1092 1319 1219 1366 uersum
1242 1302 1283 1365 89

131 1397 225 1463 talem
248 1416 345 1478 quem
368 1397 444 1462 olim
466 1397 565 1464 fuisse
587 1398 816 1482 suspicaretur:

177 1545 291 1615 (ΒΑΟι)
308 1542 397 1600 Satin'
418 1545 467 1614 tgo
485 1546 556 1602 istuc
574 1545 662 1601 habeo
681 1546 852 1612 offirmatum,
870 1548 914 1616 <ut
932 1546 986 1601 illis
1004 1549 1091 1604 iratus
1109 1546 1144 1603 nd
1163 1549 1234 1618 sis>‘?

132 1683 228 1750 (iuius
251 1683 382 1764 quidem
404 1685 595 1752 sententiam
618 1684 721 1769 plane'
736 1684 904 1769 amplexus
927 1690 976 1751 est
998 1685 1236 1753 Fleckeisenus.

211 1804 320 1884 Atque
338 1823 448 1870 omnes
463 1800 523 1884 illi,
546 1802 649 1884 etqui
668 1803 868 1887 septenarios
890 1804 1153 1872 continuauerunt
1175 1809 1207 1872 et
1229 1803 1285 1884 qui

130 1905 200 1970 talis
222 1903 430 1985 aequalitatis
453 1923 562 1970 euram
584 1903 851 1988 deposuerunl1),
882 1922 965 1986 quae
986 1925 1085 1991 supra
1112 1909 1185 1972 sunt
1212 1925 1284 1972 uer-

129 2024 180 2072 sus
203 2009 223 2069 3
246 2003 427 2089 posteriora
447 2005 549 2071 uerba
570 2004 741 2071 Bacchidis
764 2024 835 2070 esse
858 2006 1106 2074 existimabantr
1129 2027 1211 2089 quae
1233 2026 1282 2074 sc·

130 2111 313 2189 querentur,
343 2105 496 2172 Nicobuli
518 2104 561 2172 ad
586 2105 644 2171 illa
672 2105 903 2188 respondentis.
947 2106 1041 2183 Quod
1069 2113 1177 2175 tamen
1205 2128 1282 2189 quo-

128 2209 231 2274 minus
252 2207 425 2293 probemus
446 2207 640 2293 impedimur
662 2205 751 2272 uerbi
774 2205 942 2290 offirmare
964 2207 998 2272 ui
1020 2213 1051 2274 et
1073 2226 1142 2273 usu.
1185 2209 1282 2274 Cuius

129 2329 209 2393 quae
233 2309 275 2376 sit
296 2308 425 2393 propria
447 2309 535 2376 notio
557 2307 756 2393 apertissimo
775 2306 944 2375 ostendunt
963 2308 1045 2374 haec
1068 2327 1150 2392 quae
1172 2308 1282 2391 legun-

128 2415 176 2477 tur
191 2409 282 2495 apud
296 2410 469 2495 Apuleium
478 2408 521 2492 2);
541 2411 666 2494 pertice
684 2407 852 2493 offirmare
865 2408 982 2474 stabuli
985 2408 1099 2493 sores:
1124 2416 1173 2477 est
1187 2411 1284 2493 igitur

129 2511 293 2574 occludere
316 2521 348 2574 et
369 2511 522 2574 aduersus
544 2512 657 2584 omreo'a,
685 2532 765 2595 quoe
786 2513 985 2576 extrinsecus
1007 2511 1166 2587 innodant,
1188 2513 1284 2576 stalt-

128 2613 196 2675 lire.
238 2609 334 2678 Unde
355 2612 434 2679 salis
455 2611 552 2679 facile
573 2609 665 2678 fluxit
687 2612 806 2678 locutio
829 2615 964 2678 animem
986 2612 1164 2696 offirmare,
1187 2633 1284 2696 quam

128 2713 228 2780 habes
243 2714 339 2780 Mero.
355 2715 435 2798 prol.
452 2715 502 2778 82.
523 2712 640 2795 Amph.
656 2715 728 2778 646.
744 2712 862 2778 Pacuu.
876 2714 937 2776 298
952 2712 1057 2795 Ribb.‚
1080 2714 1120 2778 of.
1136 2714 1199 2779 (lio.
1216 2717 1282 2780 Att.

128 2816 215 2898 111;
238 2833 337 2896 aqua
358 2835 422 2881 non
445 2815 579 2882 multum
602 2812 710 2879 differt
730 2834 764 2876 se
779 2810 956 2896 offirmare,
979 2814 1067 2896 quod
1088 2818 1194 2880 exstat
1209 2816 1283 2881 Ter.

127 2915 551 2984 Haut1ooahoeius372
574 2915 667 2981 Ribb.
712 2917 780 2982 Iam
804 2935 875 2980 oum
896 2912 1054 2982 infinitiuo
1082 2914 1284 2981 coniunctum

128 3038 147 3080 e
187 3038 296 3080 rmore
318 3017 478 3102 significat
493 3018 644 3080 udnerono
659 3017 763 3079 omnio
781 3035 862 3100 quae
876 3015 1060 3082 deterreant
1076 3016 1285 3082 detrahuntne
1340 3003 1344 3009 ¹

129 3120 258 3202 (preces
275 3119 473 3202 pantanorum
495 3118 643 3199 alienius)
666 3127 847 3182 constanter
867 3128 974 3182 tenere
990 3120 1189 3204 propositum
1212 3141 1285 3184 oon·
1412 3140 1419 3148 ·

127 3221 231 3281 silium
247 3228 303 3282 ant
314 3218 490 3302 fervendae
510 3221 641 3283 alicuine
662 3222 714 3284 rei
734 3231 788 3283 unt
808 3239 870 3284 non
884 3219 1072 3303 faciendae:
1095 3221 1183 3302 uelut
1204 3220 1283 3302 legi·

128 3326 178 3386 tur
200 3320 288 3386 Pers.
304 3323 366 3385 222
390 3319 592 3405 affirmastin’
617 3322 785 3406 occultare,
808 3321 896 3405 quod
917 3319 1032 3387 codem
1052 3322 1120 3387 fere
1140 3318 1224 3386 redit
1245 3340 1286 3388 ac

128 3423 163 3489 in
184 3444 215 3489 u.
238 3424 293 3506 qui
314 3422 478 3507 praecedit
499 3433 688 3487 certumnest
710 3422 831 3505 eelore;
861 3420 899 3487 of.
922 3422 996 3486 Ter.
1012 3421 1092 3488 Eun.
1109 3424 1180 3489 211.
1204 3423 1284 3493 Hec.

128 3529 191 3588 454
213 3522 292 3607 (quo
314 3526 384 3592 loco
406 3525 553 3590 Donatus
574 3525 800 3608 interpretatur
829 3521 981 3612 aduersus
1003 3525 1107 3588 omnia
1131 3523 1284 3590 obsonate
1343 3523 1345 3530 '

127 3624 249 3707 apere).
287 3623 392 3691 Simili
407 3624 529 3691 ratione
544 3625 577 3690 11
593 3622 703 3690 Sticho
719 3643 749 3699 u,
766 3627 806 3691 68
823 3621 938 3690 dicitur
958 3625 990 3686 oi
1003 3624 1178 3711 affirmabit
1186 3636 1284 3709 poter

219 3881 243 3944 1)
260 3877 306 3932 Ad
318 3891 372 3942 eos,
390 3891 458 3945 quos
477 3891 559 3947 supra
576 3873 722 3941 nominaui,
745 3875 815 3931 adde
827 3875 990 3946 Ussingium
1016 3874 1106 3943 quin.
1125 3875 1157 3927 89
1176 3873 1309 3944 supplet.

124 3961 301 4032 affirmatum
319 3961 408 4032 <qaod
425 3961 517 4017 denti?
544 3956 637 4026 Nlo.)
656 3955 736 4025 Quod
752 3962 834 4016 semel
850 3961 913 4016 dini
929 3963 954 4030 ll.

215 4049 242 4111 2)
259 4045 431 4101 Metamllll
450 4060 510 4125 cap.
521 4049 553 4100 28
571 4060 598 4114 p.
609 4047 658 4099 200
676 4045 745 4099 Elm.

179 4137 295 4190 Leipziger
308 4138 409 4182 Studien.
431 4139 470 4180 111.
974 4131 979 4144 ‘
1046 4132 1076 4182 11
