3080 4748
354 287 397 342 De
414 285 580 341 Baccbidum
597 284 739 340 Plautinae
757 287 950 341 retractatione
967 285 1102 342 scaenica.
1239 285 1298 345 117

145 459 298 527 iactauit:
329 457 383 523 nbi
406 456 449 524 ad
471 455 643 523 maledicta
664 455 721 521 ille
741 475 926 541 progressus
952 457 1182 541 impudentiam
1204 457 1298 524 disei-

146 563 225 648 pulo
241 560 400 643 obiurgat,
423 557 583 625 silentium
599 557 744 624 tenebit?
774 557 836 623 Vix
851 555 1051 624 crediderim.
1088 559 1169 627 Vide
1191 565 1299 626 autem

148 670 270 746 quanto
286 660 400 727 melius
415 679 466 726 res
483 677 519 726 se
539 657 667 741 babeat,
689 659 718 724 si
740 662 915 724 11115152
939 657 1051 725 eodem
1073 659 1169 726 modo
1191 660 1300 726 statim

148 763 352 848 excipiantur
366 760 511 827 uersibus
534 761 583 825 58.
600 762 650 842 59,
674 763 771 843 atque
793 759 827 843 ii,
850 760 905 840 qui
925 760 1053 827 illorum
1074 761 1194 844 gemini
1216 767 1301 844 sunt,

148 870 202 932 60.
226 868 277 929 61.

238 964 303 1038 Sed
319 961 397 1044 quid
411 961 466 1028 fiet
480 961 674 1044 interpositis
689 960 754 1027 illis
770 961 921 1026 53-57?
952 961 1003 1028 Ex
1018 962 1069 1029 bis
1082 962 1203 1048 priores
1219 961 1303 1029 duos

149 1089 225 1135 cum
245 1062 400 1150 proximis
429 1064 513 1129 male
539 1063 708 1129 conuenire
737 1062 802 1128 iam
823 1061 1015 1130 Ritscbelius
1042 1063 1132 1130 uidit.
1176 1063 1301 1130 Tamen

148 1190 218 1238 non
236 1166 338 1234 solum
361 1183 468 1230 carere
490 1183 657 1249 possumus
678 1163 934 1247 transpositionis
956 1163 1099 1248 artificio,
1121 1165 1180 1232 sed
1203 1165 1301 1232 etiam

149 1270 257 1352 magis
272 1265 458 1334 concinnum
474 1263 680 1345 adsequimur
694 1263 923 1330 sententiarum
938 1284 1056 1330 nerum
1077 1273 1205 1334 seruata
1227 1287 1300 1334 con·

150 1369 312 1439 locatione
334 1363 469 1446 tadu,
499 1361 670 1431 dummodo
694 1364 736 1431 ad
758 1365 894 1430 alteram
915 1368 1132 1434 recensionem
1153 1368 1227 1435 illos
1249 1372 1301 1435 53.

152 1480 196 1539 54
218 1475 363 1556 spectare
384 1466 617 1549 intellegamus,
640 1464 685 1530 ita
701 1470 735 1530 ut
749 1486 812 1532 non
826 1471 999 1547 sequantur
1020 1473 1092 1550 post
1114 1488 1165 1535 uu.
1183 1474 1233 1534 51.
1250 1473 1303 1553 52,

150 1572 213 1642 sed
234 1568 429 1656 praecedant
449 1565 595 1633 uersibus
617 1569 668 1631 60.
684 1569 734 1632 61.
771 1567 855 1632 Nam
877 1567 992 1648 reliqui
1014 1574 1079 1634 tres
1100 1573 1225 1633 55-57
1248 1589 1303 1635 ne·

152 1695 218 1759 que
240 1672 367 1742 omnino
389 1670 423 1735 in
443 1668 505 1734 bac
525 1686 661 1733 scaenae
683 1674 773 1752 parte
795 1668 856 1734 nisi
878 1688 950 1734 eum
978 1671 1133 1754 exsangui
1162 1669 1303 1751 quadam

151 1773 332 1844 sententiae
353 1770 506 1839 tenuitate
528 1767 656 1835 retineri
679 1774 811 1853 possunt
833 1776 864 1837 et
885 1771 1051 1855 pristinam
1073 1770 1184 1838 sedem
1210 1791 1303 1837 accu-

151 1877 315 1946 ratissima
336 1874 389 1939 uel
410 1870 580 1937 uerborum
602 1869 634 1934 in
663 1870 884 1954 respondendo
914 1873 1119 1954 congruentia
1148 1874 1227 1940 satis
1256 1872 1303 1939 di-

151 1977 261 2047 lucide
276 1975 451 2042 ostentent:
474 1988 553 2052 quos
568 1968 653 2035 haud
668 1971 765 2038 facile
783 1971 910 2038 credam
931 1993 995 2040 non
1018 1975 1203 2042 coniunctos
1226 1975 1304 2041 olim

151 2081 254 2149 fuisse
275 2095 346 2142 eum
367 2072 513 2141 uersibus
538 2073 679 2134 129-31
704 2078 737 2136 et
754 2077 813 2137 134
825 2092 882 2156 sq„
905 2075 1060 2155 gemellos
1083 2077 1212 2159 quidem
1234 2096 1304 2143 uer-

150 2201 247 2249 suum
265 2181 325 2243 132
335 2193 397 2256 sq.:
420 2173 509 2239 euius
531 2171 767 2256 dittographiae
789 2173 918 2240 minime
940 2173 1102 2258 dubiee¹)‚
1125 2183 1160 2241 ut
1180 2177 1304 2260 opinor,

152 2282 338 2365 exemplum
359 2277 467 2343 stetim
489 2273 620 2342 subicio.

664 2473 740 2528 Rec.
758 2474 793 2528 A.

149 2602 246 2666 lent
266 2595 360 2651 PIST:
378 2593 440 2648 Non
458 2592 544 2647 omnis
562 2595 647 2660 aetas,
665 2591 746 2659 Lide,
763 2592 827 2648 ludo
847 2594 982 2648 conuenit.
1205 2599 1253 2650 119
1271 2596 1304 2652 R.

268 2681 356 2748 Magis
374 2681 455 2732 tinum
473 2676 502 2730 in
519 2681 662 2730 mentemst
679 2676 745 2729 mibi
762 2693 844 2740 nunc,
862 2678 930 2731 satis
948 2683 980 2731 ut
997 2678 1135 2734 commode

216 2772 248 2822 23
269 2764 323 2818 Pro
341 2763 470 2829 dignitate
488 2760 585 2829 opsoni
601 2760 669 2814 haec
688 2761 816 2815 concuret
829 2776 937 2829 coquos.

216 2891 247 2939 55
266 2881 354 2937 LYD:
373 2879 452 2934 Peior
468 2878 596 2946 magister
613 2882 641 2932 te
658 2881 741 2933 istaec
759 2878 859 2944 docuit,
877 2881 931 2933 non
950 2894 1012 2948 ego:
1256 2881 1304 2934 163

248 2984 251 2990 ·
269 2965 381 3022 Nimid’s
400 2967 430 3018 tu
447 2963 482 3016 ad
499 2963 565 3016 istas
583 2962 627 3016 res
645 2961 794 3031 discipulus
816 2962 937 3032 docilior,

217 3059 247 3108 51
270 3052 356 3119 Quam
373 3048 408 3104 ad
425 3048 480 3113 ssla,
497 3061 567 3115 quae
584 3051 611 3099 te
628 3046 718 3115 docui,
736 3049 783 3104 ubi
801 3062 910 3117 operam
928 3047 1041 3117 perdidi.

216 3177 249 3227 ’16
269 3168 362 3224 PIST:
381 3165 484 3221 Ibidem
502 3165 551 3233 ego
568 3179 655 3218 meam
674 3179 782 3234 operam
800 3167 912 3236 perdidi,
930 3164 1040 3223 cubiti
1058 3171 1146 3220 tuem:
1257 3172 1306 3222 134

270 3261 331 3315 Tua
347 3250 490 3319 disciplina
506 3250 558 3303 nec
575 3247 641 3302 mihi
657 3249 769 3318 prodest
786 3252 838 3306 nec
854 3252 913 3306 tibi.

245 3420 268 3482 1)
285 3409 356 3471 Nam
374 3417 447 3487 quod
463 3418 560 3471 horum
577 3432 704 3472 uersuum
722 3419 808 3472 altera
825 3420 947 3473 recensio
969 3419 1055 3473 alieno
1078 3419 1139 3473 loco
1164 3419 1307 3475 exhibetur

153 3501 303 3557 interiectis
319 3503 429 3571 triginta
445 3500 504 3556 lere
522 3501 655 3566 uersibus,
672 3501 726 3555 hoc
744 3503 842 3556 erroris
860 3518 910 3557 nec
926 3503 1085 3558 incredibile
1102 3503 1151 3558 tibi
1169 3505 1308 3560 uidebitur

153 3587 291 3641 rationum
306 3587 458 3654 recordate,
476 3602 544 3658 quas
557 3588 590 3643 de
603 3592 758 3644 nostrorum
770 3587 962 3655 exemplarium
980 3595 1043 3644 ortu
1060 3605 1094 3644 ac
1112 3589 1306 3657 compositione

155 3671 371 3740 explananimus
389 3685 439 3725 nec
452 3671 550 3726 desunt
561 3672 642 3727 huius
658 3672 699 3726 rei
717 3670 851 3741 exempla:
870 3672 946 3727 uelut
959 3673 1127 3729 Curculionis
1146 3689 1191 3726 un.
1206 3675 1307 3740 389sq.

154 3763 249 3827 aperte
267 3756 334 3811 mibi
351 3761 475 3826 spectare
491 3755 618 3811 uidentur
636 3757 671 3812 ad
689 3773 715 3811 u.
733 3761 782 3811 455
806 3761 834 3812 st
850 3757 967 3827 Lyconis
990 3774 1050 3814 esse
1073 3757 1170 3820 uerba,
1194 3760 1307 3810 extruso

153 3842 263 3911 quidem
281 3856 377 3905 uersu,
403 3857 456 3910 quo
474 3840 609 3910 Lyconem
626 3840 793 3896 incedentem
811 3843 996 3912 conspiciebat
1014 3841 1154 3906 Curculi03
1179 3839 1232 3892 alia
1249 3855 1305 3895 non

151 3942 245 3996 panca
265 3925 389 3980 inuenies
413 3925 486 3996 opud
505 3923 664 3995 Seyffertum
682 3925 758 3982 Stnd.
776 3925 865 3984 Plaut.
884 3945 910 3997 p.
931 3933 962 3981 10
980 3933 1007 3980 et
1024 3924 1096 3994 apud
1114 3923 1255 3981 Goetaium
1273 3926 1308 3980 de

152 4009 265 4078 dittogr.
282 4027 310 4079 p.
329 4013 473 4066 net-neo.
