3080 4748
253 335 295 396 94
654 333 832 391 Gualtbarius
850 333 1020 390 Brachmann

255 527 349 592 quam
361 504 520 572 interdum
536 525 635 590 prope
651 505 810 590 placuisse
821 503 948 572 uidetur
964 505 1145 576 bominibus
1157 505 1260 573 doctis
1270 506 1320 590 ¹),
1342 512 1441 592 eqni-

253 609 327 677 dem
347 613 453 674 tameu
478 605 660 674 huiusmodi
683 607 793 674 turbas
814 607 1031 674 retractatoris
1053 607 1200 674 inscitiae
1222 607 1355 677 deberi
1383 613 1442 695 qni

255 710 458 778 conclamant
472 729 539 776 rem
555 727 611 777 eos
628 708 808 775 absoluisse
830 708 884 775 nix
907 706 1106 775 crediderim.
1141 709 1198 776 Sin
1221 717 1349 778 autem
1378 713 1440 779 cir-

254 811 445 898 cumspicies
473 811 595 894 locum,
630 829 692 892 quo
724 809 877 877 credibile
907 810 948 876 sit
977 809 1053 876 olim
1083 810 1266 896 respexisse
1307 834 1440 882 uersus

254 911 476 996 saal-403¹,
495 911 602 978 facere
620 932 684 978 non
707 912 826 996 poteris
849 911 923 994 quin
946 912 979 976 in
1001 931 1050 994 ea,
1073 912 1162 977 cuius
1184 911 1262 979 olim
1286 915 1439 998 fuerint,

254 1016 439 1083 recensione
469 1032 618 1080 scaenam
649 1011 808 1094 quandam
838 1019 981 1079 secutam
1011 1031 1081 1079 esse
1111 1013 1303 1099 suspiceris,
1344 1037 1440 1085 nuuc

254 1118 405 1185 amissam
426 1115 516 1182 illam
539 1110 684 1196 quidem,
713 1114 746 1180 in
769 1132 832 1196 qna
857 1114 980 1198 gratiae
1010 1121 1180 1196 agerentur
1207 1115 1278 1183 siue
1315 1119 1437 1186 amico

254 1219 323 1285 siue
339 1236 442 1300 seruo,
466 1213 509 1280 ad
528 1213 617 1282 cuins
639 1213 686 1281 rei
709 1214 980 1299 exspectationem
1003 1215 1068 1281 illis
1090 1214 1242 1282 uidelicet
1264 1218 1437 1286 uersibus

253 1339 324 1386 cum
340 1319 479 1384 maxime
501 1315 707 1384 intenduntur
729 1322 943 1402 spectatomm
965 1316 1073 1382 animi.
1112 1317 1194 1382 Nam
1217 1318 1250 1384 in
1274 1323 1358 1388 tota
1384 1323 1434 1388 fa·

254 1421 339 1504 bula,
362 1420 467 1504 qualis
482 1438 565 1486 nunc
589 1417 734 1503 traditur,
757 1419 835 1486 satis
858 1424 968 1503 aptum
992 1417 1174 1497 huiusmodi
1196 1419 1434 1488 meditationi-

138 1499 142 1506 ’
233 1515 313 1586 'bus
337 1521 442 1588 locum
464 1522 520 1588 nix
542 1521 703 1604 inuenies,
733 1520 794 1587 nisi
823 1522 904 1588 lorte
934 1524 1112 1587 extremam
1140 1538 1293 1586 scaenam
1319 1525 1431 1605 1114,

254 1643 338 1705 quae
360 1631 466 1691 tamen
488 1623 644 1707 iambico,
672 1643 735 1688 non
757 1620 918 1688 trochaico
947 1627 1048 1688 metro
1078 1621 1255 1706 composita
1284 1630 1360 1690 est:
1395 1630 1432 1689 ut

255 1733 378 1793 taceam
394 1725 475 1792 alias
491 1724 584 1791 buius
599 1724 736 1809 generis,
752 1742 834 1805 qnae
850 1723 1023 1804 excogitari
1040 1728 1182 1808 possunt,
1201 1722 1427 1806 coniecturas,

255 1829 337 1906 quae
360 1845 419 1891 nec
440 1824 562 1891 babent
584 1824 730 1890 umbram
752 1823 827 1889 fidei
850 1817 908 1888 dec
930 1842 1070 1906 unquam
1092 1824 1265 1890 habebunt.
1314 1825 1426 1905 erid-

256 1925 333 2008 quid
349 1925 446 2005 igitur
460 1925 583 2009 statuis,
608 1927 671 1992 iam
688 1924 779 1991 uides
796 1925 985 1992 sententiam
1001 1925 1091 1991 illam
1112 1933 1198 1992 stare
1220 1947 1284 1992 non
1306 1947 1423 2013 posse,

1523 1293 1527 1448 l

1524 1707 1527 1846 l

251 2025 314 2091 nisi
329 2024 423 2091 simul
438 2026 497 2092 tibi
511 2026 711 2111 persuaseris
725 2026 947 2108 grauissimam
962 2027 1142 2110 argumenti
1163 2027 1256 2094 buius
1279 2030 1425 2096 fabulae
1526 2073 1527 2080 ι

254 2127 562 2210 totusqueconsilii
585 2149 623 2196 ao
646 2128 885 2215 compositionis
906 2130 1024 2222 luctam
1048 2147 1118 2194 esse
1144 2127 1419 2196 immutationem.

253 2229 343 2310 Quae
360 2230 490 2314 quidem
508 2231 626 2317 opinio,
649 2232 710 2299 nisi
732 2231 867 2297 aliorum
889 2247 1063 2310 eorumque
1085 2231 1189 2314 magis
1212 2230 1420 2298 euidentiam

253 2338 512 2417 argumentorum
534 2333 717 2399 accessione
739 2331 937 2412 stabiliatur,
961 2350 1024 2395 non
1046 2337 1152 2417 potest
1174 2352 1237 2398 non
1260 2334 1416 2400 omnibus

255 2433 491 2517 probabilitatis
514 2433 653 2498 numeris
674 2431 831 2498 destituta
852 2429 963 2497 uideri.

336 2533 529 2612 Quaerenda
544 2540 592 2598 est
607 2532 704 2618 igitur
719 2532 821 2599 lenior
835 2531 1016 2616 explicandi
1039 2531 1130 2598 ratio.
1168 2535 1284 2600 Verum
1308 2535 1413 2602 enim·

251 2654 337 2718 uero,
359 2640 395 2702 ut
410 2653 553 2702 enarrem
570 2633 656 2717 quod
675 2634 787 2718 sentio,
810 2632 888 2700 mihi
905 2633 1035 2716 quidem
1052 2654 1135 2716 quae
1155 2655 1239 2702 nunc
1260 2635 1293 2701 in
1315 2637 1414 2704 libris

251 2738 398 2822 leguntur
421 2757 469 2803 ex
491 2744 663 2821 utroque
684 2756 835 2822 genere
857 2737 985 2803 mixta
1007 2755 1079 2803 esse
1094 2735 1252 2820 uidentur,
1273 2737 1321 2805 sic
1338 2739 1411 2824 qui·

253 2841 344 2928 dem,
375 2851 410 2923 ut
431 2847 634 2924 retractator,
664 2847 906 2926 praeceptorum
928 2838 1097 2904 moralium
1118 2873 1160 2884 -
1182 2839 1298 2906 aetatis
1319 2840 1412 2907 illius

251 2943 438 3012 deliciarum
454 2979 492 2988 —
510 2943 686 3025 adamator,
710 2940 904 3026 adsperserit
918 2937 1078 3024 generalis
1093 2941 1272 3022 argumenti
1294 2959 1410 3009 uersus

251 3044 337 3110 haud
360 3045 485 3126 multos,
510 3049 601 3127 aptos
625 3061 679 3106 eos
702 3041 849 3124 adgnati
872 3040 969 3105 animi
988 3038 1296 3109 commendationem
1319 3043 1409 3110 exci-

250 3143 444 3224 tandamque
460 3146 586 3209 strenue
601 3139 719 3227 agendi
734 3141 922 3207 industriam
937 3162 996 3209 neo
1012 3143 1097 3208 male
1112 3142 1314 3210 concinentes
1332 3164 1408 3212 cum

250 3243 439 3312 Mnesilochi
461 3241 600 3328 adfectu,
623 3243 728 3325 qualis
744 3263 761 3310 e
777 3242 923 3308 uersibus
945 3243 1062 3308 eminet
1083 3243 1315 3327 superioribus:
1339 3245 1408 3314 iam

251 3354 285 3414 ut
306 3346 390 3414 alius
412 3348 480 3415 siue
504 3346 651 3414 dominus
672 3345 779 3429 gregis
801 3343 870 3410 siue
892 3348 989 3428 poeta
1015 3344 1210 3411 eruditorum
1239 3345 1407 3414 hominum

249 3449 283 3514 iu
298 3467 391 3515 usum
410 3449 537 3516 fabulas
559 3450 750 3533 instaurans,
773 3445 839 3513 alic
861 3445 929 3512 eius
950 3445 1076 3526 generis
1099 3448 1267 3530 sententia,
1290 3449 1406 3528 quales

249 3548 368 3636 passim
392 3549 479 3634 apud
501 3552 640 3618 comicos
662 3554 869 3635 usurpantur,
898 3546 930 3612 in
953 3551 1093 3613 mentem
1116 3552 1313 3632 occurrente,
1337 3568 1405 3614 am-

249 3654 333 3741 plius
349 3650 425 3734 qnid
441 3651 613 3718 adiecerit:
635 3660 671 3718 ut
685 3674 755 3719 cum
778 3651 920 3720 locorum
942 3649 1169 3732 parallelorum
1191 3654 1259 3714 tum
1280 3650 1405 3733 glosse-

251 3763 370 3822 matum
400 3752 582 3822 accessione
611 3753 766 3837 paulatim
795 3754 883 3819 locus
914 3751 1102 3816 accreuerit:
1136 3755 1172 3816 ut
1201 3749 1404 3818 diasceuasta

251 3857 397 3942 denique,
419 3857 440 3924 i.
457 3876 484 3923 e.
507 3846 677 3937 impudens
692 3854 747 3920 ille
762 3854 978 3940 interpolator,
1001 3851 1055 3932 qui
1078 3852 1186 3918 multis
1208 3852 1287 3918 locis
1310 3871 1402 3918 cunc-

341 4080 363 4142 l)
382 4075 423 4132 Cf.
443 4075 472 4130 0.
486 4073 689 4129 Fuhrmeunum
707 4069 735 4124 in
753 4069 823 4124 Nou.
838 4083 900 4124 aun.
920 4075 938 4122 t.
952 4073 985 4124 99
1003 4071 1037 4132 (a.
1055 4069 1129 4135 1869)
1146 4083 1173 4138 p.
1188 4073 1248 4123 lea.
