3092 4756
335 331 377 385 De
393 328 564 384 nursiam
579 328 722 382 Phasma
737 329 933 383 mentione
949 330 1085 384 scaenico.
1220 327 1282 387 173

122 504 185 588 qui
206 502 405 590 praecedunt
426 503 586 568 consortio
607 500 784 584 exemisse,
809 501 929 585 quippe
956 501 990 564 in
1012 503 1129 583 quibus
1156 523 1221 570 non
1241 503 1288 569 le-

123 609 204 674 nius
225 607 329 670 lateat
348 604 517 685 offensum,
539 623 635 684 quam
657 603 745 686 quod
758 603 966 668 manifestum
986 603 1021 667 in
1035 604 1145 670 oculos
1158 605 1290 670 incurrit

7 755 8 778 2
128 709 164 773 in
186 708 261 790 illo;
283 724 345 772 nec
364 712 422 770 aut
443 705 691 790 transpomfione
711 711 768 769 aut
781 704 1037 786 interpolab‘ouis
1058 706 1142 771 forte
1155 706 1289 791 indaga-

129 810 232 888 tione,
254 808 284 873 si
305 805 384 888 quid
403 807 568 892 superiore
589 807 808 889 disputatione
828 806 1004 887 effecimus,
1026 807 1101 872 huic
1115 814 1202 873 certe
1216 808 1289 874 loco

130 915 224 996 patet
241 907 475 976 consulendum
494 928 577 990 esse,
599 907 658 974 sed
677 929 751 974 cum
772 908 990 974 temeratoris
1010 929 1080 972 rem
1100 908 1195 975 nobis
1216 928 1289 976 esse

132 1011 307 1078 industria:
334 1011 419 1075 bunc
441 1009 608 1091 uidelicet,
633 1009 758 1075 fortiter
778 1011 909 1092 quidem
931 1009 1183 1093 contrahentem,
1205 1029 1290 1091 quae

7 1167 8 1172 ,
131 1114 270 1178 Plautus
290 1112 530 1196 composrfisset,
551 1129 664 1178 nemus
682 1111 946 1177 XXHl-XXVI
959 1110 1164 1177 substituisse
1178 1128 1289 1174 eorum

132 1215 218 1297 loco,
239 1213 296 1294 qui
318 1220 426 1279 esseut
440 1214 473 1278 in
487 1234 641 1298 germano
655 1213 833 1297 exemplari
847 1214 1181 1279 XXVII-XXXVII
1218 1211 1290 1290 Qua

7 1309 8 1314 ’
135 1322 222 1381 certe
245 1315 427 1380 coniectura
447 1321 584 1399 apparet
604 1322 638 1381 ct
658 1314 843 1398 plenissime
863 1334 923 1379 nec
945 1336 1025 1394 nou,
1047 1323 1083 1380 ut
1103 1316 1198 1382 uobis
1220 1314 1312 1402 qui-¹

7 1421 8 1463 ἒ
134 1406 212 1484 dem
226 1413 368 1497 uidetur,
389 1417 579 1500 praesertim
599 1416 635 1480 iu
655 1436 788 1494 scaena,
811 1420 907 1495 quam
929 1435 1059 1499 passam
1080 1437 1151 1483 esse
1173 1423 1288 1484 retrac

134 1517 251 1584 tatoris
268 1536 400 1600 operam
413 1517 544 1582 aliunde
560 1517 813 1583 demonstratum
828 1517 879 1598 sit,
899 1517 1061 1583 lenissime
1076 1518 1147 1582 tolli
1161 1538 1289 1584 omnem

134 1619 178 1686 de
200 1638 265 1700 qua
288 1619 505 1700 quacsiuimus
527 1619 761 1685 difficultatem.

221 1721 293 1784 Hac
313 1739 391 1786 uero
413 1720 563 1803 opinione
591 1720 654 1785 nisi
675 1720 750 1786 falsi
771 1740 897 1786 sumus:
927 1719 1077 1801 quoniam
1099 1721 1173 1786 aliis
1194 1740 1289 1803 prae-

131 1829 225 1890 terea
247 1821 328 1888 baec
347 1840 486 1886 scaenae
506 1840 583 1906 pars
604 1820 783 1888 deformata
798 1821 966 1888 uidebatur
986 1823 1227 1907 compositionis
1241 1824 1288 1889 ui-

7 1929 8 2016 l
135 1923 189 1990 tiis
211 1926 309 2004 atquc
330 1921 370 1988 iis
392 1921 532 2005 quidem,
561 1923 750 2004 quibuscum
779 1924 948 1990 coniuncta
969 1931 1055 1990 esset
1076 1924 1214 1991 molesta
1235 1945 1288 1991 ea-

134 2024 270 2094 rundem
283 2024 514 2090 sententiarum
528 2025 787 2106 locutionumque
804 2025 950 2090 iteratio:
971 2045 1048 2090 num
1071 2028 1186 2111 quibus
1207 2029 1289 2094 istae

136 2127 289 2193 tollantur
311 2125 505 2192 offensiones
525 2125 592 2190 alia
614 2125 904 2210 circumspiciamus
926 2126 1072 2209 artificia,
1094 2150 1191 2211 quam
1214 2151 1288 2196 ean-

7 2233 8 2256 *
135 2227 212 2294 dem
232 2227 324 2292 illam
346 2234 379 2292 et
399 2227 671 2312 simplicissimam
692 2233 725 2292 et
746 2225 1000 2292 efficacissimam
1029 2228 1289 2314 explicationem,

137 2349 221 2412 quae
242 2328 349 2412 posita
371 2334 420 2394 est
441 2329 475 2393 in
496 2325 632 2395 duarum
653 2330 872 2396 recensionem
894 2329 1102 2396 conludere?
1125 2332 1210 2416 Ergo
1232 2352 1289 2399 re-

137 2429 359 2496 tractaturi
393 2429 571 2496 tribuentur
600 2437 732 2515 praeter
764 2431 838 2520 illos
865 2431 1145 2498 XXIII—XXVI
1176 2453 1289 2501 uersus

135 2530 262 2597 XXXV
284 2536 317 2596 et
336 2531 519 2614 XXXVIII,
541 2550 676 2614 quorum
698 2533 830 2613 quidem
851 2554 923 2600 oum
945 2536 1121 2617 posteriore
1142 2538 1288 2604 coniunc-

7 2669 8 2740 3
131 2633 278 2700 tissimus
300 2633 463 2699 tollendus
485 2634 580 2698 simul
602 2633 730 2699 uidetur
751 2635 806 2715 qui
827 2634 971 2716 sequitur
991 2657 1022 2700 u.
1038 2637 1191 2704 XXXIX.

7 2853 8 2874 ἶ
222 2788 317 2866 §IX
359 2785 429 2851 Iam
450 2785 501 2851 his
523 2787 654 2853 remotis
669 2785 749 2852 satis
763 2790 839 2870 apte
853 2786 1044 2852 conueniunt
1058 2787 1141 2854 inter
1155 2810 1191 2856 se
1206 2810 1289 2873 quae

7 2913 8 2934 ÷
136 2889 281 2969 reliquae
310 2887 417 2952 factae
447 2893 521 2954 sunt
548 2893 671 2974 partes,
701 2905 806 2967 neque
838 2887 1009 2969 quicquam
1041 2887 1290 2972 disputationem

138 2989 234 3057 etiam
256 2988 420 3069 requirere
441 2988 547 3072 uideo,
577 2989 639 3054 ulsi
666 3007 814 3055 mancum
842 2989 948 3056 adhuc
975 3009 1101 3058 uersum
1124 2992 1257 3058 XXVII.
1266 2993 1290 3077 ¹)

137 3091 234 3158 Cuius
257 3108 339 3172 quae
361 3097 490 3157 seruata
512 3095 585 3156 sunt
607 3090 797 3158 Nicobulum
818 3090 861 3158 ad
876 3090 1086 3159 Philoxenum
1102 3114 1291 3162 conuersum

7 3217 8 3248 1
139 3192 261 3275 dicere,
290 3191 408 3258 illius
429 3193 527 3274 igitur
547 3191 661 3276 fuisse,
686 3214 768 3277 quae
790 3192 1034 3279 praecederent,
1056 3216 1140 3263 nuno
1161 3197 1290 3281 amissa,

135 3292 333 3376 intellegitur
354 3313 372 3360 e
393 3293 507 3360 tertiae
528 3313 685 3376 personae
698 3299 911 3380 ,usurpatione
932 3297 1009 3358 lucc
1031 3295 1168 3361 accubet.
1200 3298 1291 3376 Quae

140 3395 268 3476 quidem
290 3385 423 3486 possunt
444 3395 619 3463 accessisse
641 3396 684 3463 ad
713 3397 806 3462 huius
830 3396 1007 3462 sententiae
1033 3394 1290 3465 similitudinem:

128 3495 231 3562 ,uiden
252 3507 286 3559 ut
307 3498 368 3559 scit
379 3495 561 3578 sustidrbe?
588 3497 737 3564 nimirum
765 3502 800 3562 ut
829 3495 947 3563 eodem
969 3495 1065 3565 modo
1092 3518 1132 3565 ao
1156 3519 1187 3567 u.
1208 3500 1291 3568 XXI

139 3598 180 3665 ad
195 3597 388 3664 Bacchidem
402 3617 540 3683 pergens
557 3598 664 3667 dicere
679 3597 817 3666 ludibrio
832 3597 967 3664 haberet
981 3618 1040 3666 sua
1055 3601 1289 3686 aliquantulum

93 3813 98 3817 ’
226 3820 249 3882 l)
267 3815 360 3871 Sicubi
377 3817 405 3870 iu
421 3817 490 3887 ipsIs
507 3817 677 3886 potissimum
695 3815 810 3872 duarum
827 3818 1015 3874 recensionem
1035 3832 1121 3888 praue
1144 3819 1289 3876 mistorum

140 3899 377 3957 commissuris
394 3917 455 3956 cum
467 3901 594 3970 grauiora
605 3901 675 3956 uitia
685 3901 858 3971 inrepserunt
877 3907 935 3957 tum
951 3901 1087 3958 intercidit
1104 3902 1218 3973 aliquid:
1236 3903 1290 3962 hoc

135 3983 246 4054 quidem
269 4000 303 4040 ex
325 3985 386 4054 ipsc
408 3988 449 4042 rei
469 3993 567 4042 natura
591 4001 758 4055 consequens
782 3987 990 4057 propositasque
1014 3989 1163 4045 sententiae
1186 3991 1289 4046 emolu·

135 4074 228 4125 mento
246 4071 331 4139 magis
349 4085 430 4139 quam
448 4071 607 4128 detrimento
625 4087 685 4128 esse
703 4073 782 4129 duco.
