<?xml version="1.0" encoding="UTF-8"?>
<!DOCTYPE html PUBLIC "-//W3C//DTD XHTML 1.0 Transitional//EN"
    "http://www.w3.org/TR/xhtml1/DTD/xhtml1-transitional.dtd">
<html xmlns="http://www.w3.org/1999/xhtml" xml:lang="en" lang="en">
 <head>
  <title>
</title>
<meta http-equiv="Content-Type" content="text/html;charset=utf-8" />
  <meta name='ocr-system' content='tesseract 3.04.00' />
  <meta name='ocr-capabilities' content='ocr_page ocr_carea ocr_par ocr_line ocrx_word'/>
</head>
<body>
  <div class='ocr_page' id='page_1' title='image "./debacchidumplau00bracgoog_0079.png"; bbox 0 0 3132 4750; ppageno 0'>
   <div class='ocr_carea' id='block_1_1' title="bbox 257 327 1011 390">
    <p class='ocr_par' dir='ltr' id='par_1_1' title="bbox 257 327 1011 390">
     <span class='ocr_line' id='line_1_1' title="bbox 257 327 1011 390; baseline -0.011 -1"><span class='ocrx_word' id='word_1_1' title='bbox 257 329 318 390; x_wconf 82' lang='lat'>124</span> <span class='ocrx_word' id='word_1_2' title='bbox 647 327 820 384; x_wconf 82' lang='lat' dir='ltr'>Gualibarius</span> <span class='ocrx_word' id='word_1_3' title='bbox 840 327 1011 382; x_wconf 81' lang='lat' dir='ltr'>Bracbmenn</span> 
     </span>
    </p>
   </div>
   <div class='ocr_carea' id='block_1_2' title="bbox 255 495 1412 1982">
    <p class='ocr_par' dir='ltr' id='par_1_2' title="bbox 255 495 1412 1591">
     <span class='ocr_line' id='line_1_2' title="bbox 341 495 1404 583; baseline 0 -19"><span class='ocrx_word' id='word_1_4' title='bbox 341 499 443 565; x_wconf 88' lang='lat' dir='ltr'>Nobis</span> <span class='ocrx_word' id='word_1_5' title='bbox 458 521 533 568; x_wconf 89' lang='lat' dir='ltr'>uero</span> <span class='ocrx_word' id='word_1_6' title='bbox 550 519 591 565; x_wconf 81' lang='lat' dir='ltr'>ex</span> <span class='ocrx_word' id='word_1_7' title='bbox 613 499 673 583; x_wconf 87' lang='lat' dir='ltr'>bis,</span> <span class='ocrx_word' id='word_1_8' title='bbox 696 517 778 580; x_wconf 89' lang='lat' dir='ltr'>quae</span> <span class='ocrx_word' id='word_1_9' title='bbox 800 497 964 582; x_wconf 86' lang='lat' dir='ltr'>proposita</span> <span class='ocrx_word' id='word_1_10' title='bbox 986 502 1067 578; x_wconf 89' lang='lat' dir='ltr'>sunt,</span> <span class='ocrx_word' id='word_1_11' title='bbox 1090 495 1170 563; x_wconf 86' lang='lat' dir='ltr'><strong>nihil</strong></span> <span class='ocrx_word' id='word_1_12' title='bbox 1193 498 1290 582; x_wconf 90' lang='lat' dir='ltr'>plane</span> <span class='ocrx_word' id='word_1_13' title='bbox 1312 498 1404 564; x_wconf 84' lang='lat' dir='ltr'>salis·</span> 
     </span>
     <span class='ocr_line' id='line_1_3' title="bbox 255 597 1406 683; baseline -0.001 -17"><span class='ocrx_word' id='word_1_14' title='bbox 255 601 341 667; x_wconf 79' lang='lat' dir='ltr'>iacit.</span> <span class='ocrx_word' id='word_1_15' title='bbox 384 600 433 666; x_wconf 85' lang='lat' dir='ltr'>Ao</span> <span class='ocrx_word' id='word_1_16' title='bbox 453 601 586 683; x_wconf 84' lang='lat' dir='ltr'>Bergkii</span> <span class='ocrx_word' id='word_1_17' title='bbox 608 599 735 681; x_wconf 91' lang='lat' dir='ltr'>quidem</span> <span class='ocrx_word' id='word_1_18' title='bbox 757 600 791 664; x_wconf 93' lang='lat' dir='ltr'>in</span> <span class='ocrx_word' id='word_1_19' title='bbox 820 597 1075 682; x_wconf 81' lang='lat' dir='ltr'>conglutinandis</span> <span class='ocrx_word' id='word_1_20' title='bbox 1102 599 1247 666; x_wconf 88' lang='lat' dir='ltr'>uersibus</span> <span class='ocrx_word' id='word_1_21' title='bbox 1275 597 1406 665; x_wconf 83' lang='lat' dir='ltr'>licentia</span> 
     </span>
     <span class='ocr_line' id='line_1_4' title="bbox 257 699 1405 782; baseline -0.003 -13"><span class='ocrx_word' id='word_1_22' title='bbox 257 723 311 769; x_wconf 87' lang='lat' dir='ltr'>our</span> <span class='ocrx_word' id='word_1_23' title='bbox 331 701 433 766; x_wconf 92' lang='lat' dir='ltr'>minus</span> <span class='ocrx_word' id='word_1_24' title='bbox 455 699 690 767; x_wconf 80' lang='lat' dir='ltr'>commendetur</span> <span class='ocrx_word' id='word_1_25' title='bbox 712 701 745 765; x_wconf 93' lang='lat' dir='ltr'>in</span> <span class='ocrx_word' id='word_1_26' title='bbox 767 700 947 766; x_wconf 90' lang='lat' dir='ltr'>uniuersum</span> <span class='ocrx_word' id='word_1_27' title='bbox 969 719 1066 782; x_wconf 86' lang='lat' dir='ltr'>supra</span> <span class='ocrx_word' id='word_1_28' title='bbox 1088 704 1139 778; x_wconf 79' lang='lat'>§7</span> <span class='ocrx_word' id='word_1_29' title='bbox 1164 699 1318 765; x_wconf 87' lang='lat' dir='ltr'>indicaui:</span> <span class='ocrx_word' id='word_1_30' title='bbox 1341 719 1405 780; x_wconf 90' lang='lat' dir='ltr'>qua</span> 
     </span>
     <span class='ocr_line' id='line_1_5' title="bbox 256 799 1404 886; baseline -0.003 -17"><span class='ocrx_word' id='word_1_31' title='bbox 256 803 371 870; x_wconf 90' lang='lat' dir='ltr'>hocin</span> <span class='ocrx_word' id='word_1_32' title='bbox 393 803 464 868; x_wconf 86' lang='lat' dir='ltr'>loco</span> <span class='ocrx_word' id='word_1_33' title='bbox 486 822 537 868; x_wconf 90' lang='lat' dir='ltr'>me</span> <span class='ocrx_word' id='word_1_34' title='bbox 559 801 664 868; x_wconf 89' lang='lat' dir='ltr'>iudice</span> <span class='ocrx_word' id='word_1_35' title='bbox 686 823 727 868; x_wconf 92' lang='lat' dir='ltr'>ne</span> <span class='ocrx_word' id='word_1_36' title='bbox 748 820 866 867; x_wconf 84' lang='lat' dir='ltr'>nexum</span> <span class='ocrx_word' id='word_1_37' title='bbox 890 800 1019 882; x_wconf 89' lang='lat' dir='ltr'>quidem</span> <span class='ocrx_word' id='word_1_38' title='bbox 1042 799 1270 868; x_wconf 84' lang='lat' dir='ltr'>sententiarum</span> <span class='ocrx_word' id='word_1_39' title='bbox 1290 801 1404 886; x_wconf 87' lang='lat' dir='ltr'>proba·</span> 
     </span>
     <span class='ocr_line' id='line_1_6' title="bbox 257 901 1404 984; baseline -0.003 -14"><span class='ocrx_word' id='word_1_40' title='bbox 257 905 356 970; x_wconf 90' lang='lat' dir='ltr'>bilem</span> <span class='ocrx_word' id='word_1_41' title='bbox 371 901 541 970; x_wconf 82' lang='lat' dir='ltr'>adsecutus</span> <span class='ocrx_word' id='word_1_42' title='bbox 556 908 612 968; x_wconf 85' lang='lat' dir='ltr'>esi.</span> <span class='ocrx_word' id='word_1_43' title='bbox 649 903 719 968; x_wconf 89' lang='lat' dir='ltr'>Hoc</span> <span class='ocrx_word' id='word_1_44' title='bbox 734 909 840 968; x_wconf 88' lang='lat' dir='ltr'>tamen</span> <span class='ocrx_word' id='word_1_45' title='bbox 863 920 937 968; x_wconf 88' lang='lat' dir='ltr'>uere</span> <span class='ocrx_word' id='word_1_46' title='bbox 960 902 1096 968; x_wconf 91' lang='lat' dir='ltr'>eundem</span> <span class='ocrx_word' id='word_1_47' title='bbox 1118 901 1257 968; x_wconf 77' lang='lat' dir='ltr'>sensisse</span> <span class='ocrx_word' id='word_1_48' title='bbox 1279 921 1404 984; x_wconf 88' lang='lat' dir='ltr'>censeo,</span> 
     </span>
     <span class='ocr_line' id='line_1_7' title="bbox 256 1001 1405 1086; baseline -0.003 -15"><span class='ocrx_word' id='word_1_49' title='bbox 256 1026 384 1074; x_wconf 89' lang='lat' dir='ltr'>uersum</span> <span class='ocrx_word' id='word_1_50' title='bbox 410 1008 470 1070; x_wconf 84' lang='lat'>383</span> <span class='ocrx_word' id='word_1_51' title='bbox 500 1001 754 1086; x_wconf 86' lang='lat' dir='ltr'>coniungendum</span> <span class='ocrx_word' id='word_1_52' title='bbox 781 1021 853 1068; x_wconf 89' lang='lat' dir='ltr'>esse</span> <span class='ocrx_word' id='word_1_53' title='bbox 881 1022 952 1068; x_wconf 94' lang='lat' dir='ltr'>cum</span> <span class='ocrx_word' id='word_1_54' title='bbox 981 1005 1058 1086; x_wconf 87' lang='lat'>381,</span> <span class='ocrx_word' id='word_1_55' title='bbox 1087 1001 1319 1069; x_wconf 84' lang='lat' dir='ltr'>adnectendum</span> <span class='ocrx_word' id='word_1_56' title='bbox 1342 1007 1405 1068; x_wconf 79' lang='lat'>382</span> 
     </span>
     <span class='ocr_line' id='line_1_8' title="bbox 257 1103 1408 1188; baseline -0.002 -15"><span class='ocrx_word' id='word_1_57' title='bbox 257 1106 362 1173; x_wconf 92' lang='lat' dir='ltr'>uersui</span> <span class='ocrx_word' id='word_1_58' title='bbox 386 1108 464 1187; x_wconf 85' lang='grc'>378,</span> <span class='ocrx_word' id='word_1_59' title='bbox 487 1104 610 1171; x_wconf 86' lang='lat' dir='ltr'>ratione</span> <span class='ocrx_word' id='word_1_60' title='bbox 633 1103 745 1170; x_wconf 87' lang='lat' dir='ltr'>ductus</span> <span class='ocrx_word' id='word_1_61' title='bbox 767 1103 966 1188; x_wconf 85' lang='lat' dir='ltr'>potissimum</span> <span class='ocrx_word' id='word_1_62' title='bbox 988 1104 1066 1186; x_wconf 85' lang='lat' dir='ltr'>hac,</span> <span class='ocrx_word' id='word_1_63' title='bbox 1094 1105 1179 1186; x_wconf 91' lang='lat' dir='ltr'>quod</span> <span class='ocrx_word' id='word_1_64' title='bbox 1200 1125 1263 1170; x_wconf 94' lang='lat' dir='ltr'>non</span> <span class='ocrx_word' id='word_1_65' title='bbox 1285 1111 1408 1172; x_wconf 86' lang='lat' dir='ltr'>temere</span> 
     </span>
     <span class='ocr_line' id='line_1_9' title="bbox 258 1204 1407 1287; baseline -0.002 -14"><span class='ocrx_word' id='word_1_66' title='bbox 258 1207 424 1274; x_wconf 87' lang='lat' dir='ltr'>uideantur</span> <span class='ocrx_word' id='word_1_67' title='bbox 440 1210 472 1270; x_wconf 84' lang='lat' dir='ltr'>ei</span> <span class='ocrx_word' id='word_1_68' title='bbox 486 1225 538 1272; x_wconf 92' lang='lat' dir='ltr'>uu.</span> <span class='ocrx_word' id='word_1_69' title='bbox 556 1208 626 1270; x_wconf 87' lang='grc'>377.</span> <span class='ocrx_word' id='word_1_70' title='bbox 642 1209 704 1270; x_wconf 94' lang='grc'>378</span> <span class='ocrx_word' id='word_1_71' title='bbox 720 1212 753 1270; x_wconf 82' lang='lat' dir='ltr'>ei</span> <span class='ocrx_word' id='word_1_72' title='bbox 767 1207 829 1270; x_wconf 86' lang='lat'>382</span> <span class='ocrx_word' id='word_1_73' title='bbox 844 1205 953 1271; x_wconf 89' lang='lat' dir='ltr'>ualere</span> <span class='ocrx_word' id='word_1_74' title='bbox 968 1204 1010 1269; x_wconf 92' lang='lat' dir='ltr'>ad</span> <span class='ocrx_word' id='word_1_75' title='bbox 1024 1207 1164 1272; x_wconf 84' lang='lat' dir='ltr'>futurum</span> <span class='ocrx_word' id='word_1_76' title='bbox 1185 1205 1316 1287; x_wconf 81' lang='lat' dir='ltr'>aliquod</span> <span class='ocrx_word' id='word_1_77' title='bbox 1338 1225 1407 1271; x_wconf 88' lang='lat' dir='ltr'>ma-</span> 
     </span>
     <span class='ocr_line' id='line_1_10' title="bbox 257 1304 1406 1392; baseline -0.003 -16"><span class='ocrx_word' id='word_1_78' title='bbox 257 1313 333 1392; x_wconf 91' lang='lat' dir='ltr'>lum,</span> <span class='ocrx_word' id='word_1_79' title='bbox 356 1325 463 1374; x_wconf 91' lang='lat' dir='ltr'>rursus</span> <span class='ocrx_word' id='word_1_80' title='bbox 486 1311 518 1372; x_wconf 86' lang='lat' dir='ltr'>ei</span> <span class='ocrx_word' id='word_1_81' title='bbox 540 1310 610 1372; x_wconf 89' lang='grc'>380.</span> <span class='ocrx_word' id='word_1_82' title='bbox 628 1309 685 1372; x_wconf 83' lang='grc'>381</span> <span class='ocrx_word' id='word_1_83' title='bbox 711 1313 744 1373; x_wconf 84' lang='lat' dir='ltr'>et</span> <span class='ocrx_word' id='word_1_84' title='bbox 765 1308 826 1370; x_wconf 89' lang='grc'>383</span> <span class='ocrx_word' id='word_1_85' title='bbox 850 1305 892 1370; x_wconf 85' lang='lat' dir='ltr'>ad</span> <span class='ocrx_word' id='word_1_86' title='bbox 915 1304 1066 1372; x_wconf 88' lang='lat' dir='ltr'>damnum</span> <span class='ocrx_word' id='word_1_87' title='bbox 1089 1305 1250 1390; x_wconf 80' lang='lat' dir='ltr'><strong>quoddam</strong></span> <span class='ocrx_word' id='word_1_88' title='bbox 1271 1307 1336 1372; x_wconf 90' lang='lat' dir='ltr'>iam</span> <span class='ocrx_word' id='word_1_89' title='bbox 1358 1307 1406 1371; x_wconf 93' lang='lat' dir='ltr'>in-</span> 
     </span>
     <span class='ocr_line' id='line_1_11' title="bbox 257 1406 1412 1492; baseline -0.002 -15"><span class='ocrx_word' id='word_1_90' title='bbox 257 1415 368 1478; x_wconf 86' lang='lat' dir='ltr'>latum.</span> <span class='ocrx_word' id='word_1_91' title='bbox 403 1411 574 1475; x_wconf 85' lang='lat' dir='ltr'>Praeterea</span> <span class='ocrx_word' id='word_1_92' title='bbox 595 1428 657 1474; x_wconf 92' lang='lat' dir='ltr'>non</span> <span class='ocrx_word' id='word_1_93' title='bbox 678 1406 781 1473; x_wconf 87' lang='lat' dir='ltr'>habeo</span> <span class='ocrx_word' id='word_1_94' title='bbox 804 1427 859 1472; x_wconf 90' lang='lat' dir='ltr'>cur</span> <span class='ocrx_word' id='word_1_95' title='bbox 879 1426 994 1489; x_wconf 85' lang='lat' dir='ltr'>negem</span> <span class='ocrx_word' id='word_1_96' title='bbox 1017 1425 1143 1473; x_wconf 86' lang='lat' dir='ltr'>uersum</span> <span class='ocrx_word' id='word_1_97' title='bbox 1159 1411 1230 1492; x_wconf 82' lang='lat'>384,</span> <span class='ocrx_word' id='word_1_98' title='bbox 1254 1427 1316 1491; x_wconf 90' lang='lat' dir='ltr'>quo</span> <span class='ocrx_word' id='word_1_99' title='bbox 1338 1413 1412 1475; x_wconf 75' lang='lat' dir='ltr'>tota</span> 
     </span>
     <span class='ocr_line' id='line_1_12' title="bbox 258 1507 1340 1591; baseline -0.006 -11"><span class='ocrx_word' id='word_1_100' title='bbox 258 1532 375 1580; x_wconf 80' lang='lat' dir='ltr'>scaena</span> <span class='ocrx_word' id='word_1_101' title='bbox 396 1510 591 1590; x_wconf 83' lang='lat' dir='ltr'>terminatur,</span> <span class='ocrx_word' id='word_1_102' title='bbox 614 1509 777 1591; x_wconf 78' lang='lat' dir='ltr'>utriusque</span> <span class='ocrx_word' id='word_1_103' title='bbox 799 1507 991 1575; x_wconf 77' lang='lat' dir='ltr'>recensionis</span> <span class='ocrx_word' id='word_1_104' title='bbox 1014 1527 1211 1574; x_wconf 92' lang='lat' dir='ltr'>communem</span> <span class='ocrx_word' id='word_1_105' title='bbox 1233 1509 1340 1576; x_wconf 86' lang='lat' dir='ltr'>fuisse.</span> 
     </span>
    </p>

    <p class='ocr_par' dir='ltr' id='par_1_3' title="bbox 257 1609 1410 1982">
     <span class='ocr_line' id='line_1_13' title="bbox 343 1609 1409 1697; baseline -0.003 -19"><span class='ocrx_word' id='word_1_106' title='bbox 343 1613 438 1697; x_wconf 80' lang='lat' dir='ltr'>Ergo,</span> <span class='ocrx_word' id='word_1_107' title='bbox 461 1611 489 1678; x_wconf 91' lang='lat' dir='ltr'>si</span> <span class='ocrx_word' id='word_1_108' title='bbox 503 1610 660 1678; x_wconf 83' lang='lat' dir='ltr'>sustinere</span> <span class='ocrx_word' id='word_1_109' title='bbox 675 1611 821 1676; x_wconf 91' lang='lat' dir='ltr'>uolumus</span> <span class='ocrx_word' id='word_1_110' title='bbox 835 1609 941 1690; x_wconf 85' lang='lat' dir='ltr'>legem</span> <span class='ocrx_word' id='word_1_111' title='bbox 955 1609 1055 1692; x_wconf 87' lang='lat' dir='ltr'>illam,</span> <span class='ocrx_word' id='word_1_112' title='bbox 1076 1614 1112 1673; x_wconf 89' lang='lat' dir='ltr'>ui</span> <span class='ocrx_word' id='word_1_113' title='bbox 1133 1609 1215 1674; x_wconf 88' lang='lat' dir='ltr'>intra</span> <span class='ocrx_word' id='word_1_114' title='bbox 1237 1617 1409 1692; x_wconf 80' lang='lat' dir='ltr'>utramque</span> 
     </span>
     <span class='ocr_line' id='line_1_14' title="bbox 257 1708 1409 1793; baseline -0.003 -12"><span class='ocrx_word' id='word_1_115' title='bbox 257 1714 474 1782; x_wconf 87' lang='lat' dir='ltr'>recensionem</span> <span class='ocrx_word' id='word_1_116' title='bbox 504 1718 649 1779; x_wconf 90' lang='lat' dir='ltr'>tueamur</span> <span class='ocrx_word' id='word_1_117' title='bbox 677 1710 828 1777; x_wconf 86' lang='lat' dir='ltr'>traditum</span> <span class='ocrx_word' id='word_1_118' title='bbox 856 1730 1005 1777; x_wconf 90' lang='lat' dir='ltr'>uersuum</span> <span class='ocrx_word' id='word_1_119' title='bbox 1034 1708 1192 1793; x_wconf 86' lang='lat' dir='ltr'>ordinem,</span> <span class='ocrx_word' id='word_1_120' title='bbox 1221 1732 1284 1777; x_wconf 93' lang='lat' dir='ltr'>non</span> <span class='ocrx_word' id='word_1_121' title='bbox 1313 1711 1409 1778; x_wconf 88' lang='lat' dir='ltr'>aliter</span> 
     </span>
     <span class='ocr_line' id='line_1_15' title="bbox 259 1812 1410 1897; baseline -0.005 -16"><span class='ocrx_word' id='word_1_122' title='bbox 259 1818 343 1882; x_wconf 91' lang='lat' dir='ltr'>bauo</span> <span class='ocrx_word' id='word_1_123' title='bbox 371 1813 619 1897; x_wconf 85' lang='lat' dir='ltr'>dittograpbiam</span> <span class='ocrx_word' id='word_1_124' title='bbox 649 1812 821 1878; x_wconf 86' lang='lat' dir='ltr'>discribere</span> <span class='ocrx_word' id='word_1_125' title='bbox 848 1831 1030 1896; x_wconf 90' lang='lat' dir='ltr'>possumus,</span> <span class='ocrx_word' id='word_1_126' title='bbox 1061 1830 1157 1892; x_wconf 88' lang='lat' dir='ltr'>quam</span> <span class='ocrx_word' id='word_1_127' title='bbox 1187 1812 1232 1878; x_wconf 91' lang='lat' dir='ltr'>sic</span> <span class='ocrx_word' id='word_1_128' title='bbox 1261 1819 1296 1878; x_wconf 89' lang='lat' dir='ltr'>ut</span> <span class='ocrx_word' id='word_1_129' title='bbox 1325 1813 1410 1876; x_wconf 89' lang='lat' dir='ltr'>inira</span> 
     </span>
     <span class='ocr_line' id='line_1_16' title="bbox 259 1913 505 1982; baseline -0.012 -1"><span class='ocrx_word' id='word_1_130' title='bbox 259 1916 377 1982; x_wconf 85' lang='lat' dir='ltr'>factum</span> <span class='ocrx_word' id='word_1_131' title='bbox 400 1913 505 1980; x_wconf 89' lang='lat' dir='ltr'>uides:</span> 
     </span>
    </p>
   </div>
   <div class='ocr_carea' id='block_1_3' title="bbox 772 2061 896 2114">
    <p class='ocr_par' dir='ltr' id='par_1_4' title="bbox 772 2061 896 2114">
     <span class='ocr_line' id='line_1_17' title="bbox 772 2061 896 2114; baseline -0.032 0"><span class='ocrx_word' id='word_1_132' title='bbox 772 2061 847 2114; x_wconf 82' lang='lat' dir='ltr'>Rea.</span> <span class='ocrx_word' id='word_1_133' title='bbox 865 2061 896 2113; x_wconf 88' lang='lat' dir='ltr'>A.</span> 
     </span>
    </p>
   </div>
   <div class='ocr_carea' id='block_1_4' title="bbox 258 2177 1175 2501">
    <p class='ocr_par' dir='ltr' id='par_1_5' title="bbox 258 2177 1173 2415">
     <span class='ocr_line' id='line_1_18' title="bbox 259 2177 1173 2250; baseline -0.001 -14"><span class='ocrx_word' id='word_1_134' title='bbox 259 2181 353 2250; x_wconf 77' lang='lat' dir='ltr'>Neque</span> <span class='ocrx_word' id='word_1_135' title='bbox 370 2181 422 2236; x_wconf 88' lang='lat' dir='ltr'>mei</span> <span class='ocrx_word' id='word_1_136' title='bbox 440 2195 527 2247; x_wconf 89' lang='lat' dir='ltr'>neque</span> <span class='ocrx_word' id='word_1_137' title='bbox 545 2181 572 2234; x_wconf 76' lang='lat' dir='ltr'>te</span> <span class='ocrx_word' id='word_1_138' title='bbox 590 2180 630 2234; x_wconf 87' lang='lat' dir='ltr'>tui</span> <span class='ocrx_word' id='word_1_139' title='bbox 647 2180 719 2234; x_wconf 89' lang='lat' dir='ltr'>intus</span> <span class='ocrx_word' id='word_1_140' title='bbox 737 2177 887 2248; x_wconf 81' lang='lat' dir='ltr'>priditumst</span> <span class='ocrx_word' id='word_1_141' title='bbox 903 2177 992 2242; x_wconf 84' lang='lat' dir='ltr'>iactis,</span> <span class='ocrx_word' id='word_1_142' title='bbox 1010 2180 1080 2247; x_wconf 76' lang='lat' dir='ltr'>qnae</span> <span class='ocrx_word' id='word_1_143' title='bbox 1097 2179 1173 2246; x_wconf 89' lang='lat' dir='ltr'>iacis,</span> 
     </span>
     <span class='ocr_line' id='line_1_19' title="bbox 260 2261 1090 2334; baseline -0.002 -14"><span class='ocrx_word' id='word_1_144' title='bbox 260 2267 362 2334; x_wconf 78' lang='lat' dir='ltr'>Quibus</span> <span class='ocrx_word' id='word_1_145' title='bbox 379 2270 455 2320; x_wconf 81' lang='lat' dir='ltr'>tuum</span> <span class='ocrx_word' id='word_1_146' title='bbox 471 2265 576 2333; x_wconf 76' lang='lat' dir='ltr'>patrem</span> <span class='ocrx_word' id='word_1_147' title='bbox 594 2279 689 2334; x_wconf 87' lang='lat' dir='ltr'>meque</span> <span class='ocrx_word' id='word_1_148' title='bbox 706 2279 769 2329; x_wconf 86' lang='lat' dir='ltr'>una,</span> <span class='ocrx_word' id='word_1_149' title='bbox 788 2264 897 2328; x_wconf 84' lang='lat' dir='ltr'>amicos,</span> <span class='ocrx_word' id='word_1_150' title='bbox 915 2261 1011 2316; x_wconf 82' lang='lat' dir='ltr'>adfinis</span> <span class='ocrx_word' id='word_1_151' title='bbox 1029 2269 1090 2318; x_wconf 86' lang='lat' dir='ltr'>tuos</span> 
     </span>
     <span class='ocr_line' id='line_1_20' title="bbox 258 2345 879 2415; baseline -0.01 -11"><span class='ocrx_word' id='word_1_152' title='bbox 258 2349 337 2406; x_wconf 80' lang='lat' dir='ltr'>Tudd</span> <span class='ocrx_word' id='word_1_153' title='bbox 353 2349 464 2404; x_wconf 69' lang='lat' dir='ltr'>infamiis</span> <span class='ocrx_word' id='word_1_154' title='bbox 482 2348 570 2404; x_wconf 78' lang='lat' dir='ltr'>iecisti</span> <span class='ocrx_word' id='word_1_155' title='bbox 587 2347 769 2415; x_wconf 77' lang='lat' dir='ltr'>gerulifigulos</span> <span class='ocrx_word' id='word_1_156' title='bbox 786 2345 879 2414; x_wconf 77' lang='lat' dir='ltr'>flagiti.</span> 
     </span>
    </p>

    <p class='ocr_par' dir='ltr' id='par_1_6' title="bbox 258 2427 1175 2501">
     <span class='ocr_line' id='line_1_21' title="bbox 258 2427 1175 2501; baseline 0.002 -16"><span class='ocrx_word' id='word_1_157' title='bbox 258 2431 301 2488; x_wconf 75' lang='lat' dir='ltr'>De</span> <span class='ocrx_word' id='word_1_158' title='bbox 318 2449 361 2488; x_wconf 90' lang='lat' dir='ltr'>me</span> <span class='ocrx_word' id='word_1_159' title='bbox 379 2433 450 2486; x_wconf 88' lang='lat' dir='ltr'>hunc</span> <span class='ocrx_word' id='word_1_160' title='bbox 469 2433 575 2500; x_wconf 85' lang='lat' dir='ltr'>culpam</span> <span class='ocrx_word' id='word_1_161' title='bbox 594 2428 743 2486; x_wconf 76' lang='lat' dir='ltr'>demolibor</span> <span class='ocrx_word' id='word_1_162' title='bbox 760 2431 823 2497; x_wconf 88' lang='lat' dir='ltr'>iam,</span> <span class='ocrx_word' id='word_1_163' title='bbox 842 2430 869 2484; x_wconf 84' lang='lat' dir='ltr'>e‘t</span> <span class='ocrx_word' id='word_1_164' title='bbox 886 2430 945 2484; x_wconf 89' lang='lat' dir='ltr'>seni</span> <span class='ocrx_word' id='word_1_165' title='bbox 960 2427 1060 2485; x_wconf 76' lang='lat' dir='ltr'>iacidm</span> <span class='ocrx_word' id='word_1_166' title='bbox 1077 2433 1175 2501; x_wconf 85' lang='lat' dir='ltr'>palam,</span> 
     </span>
    </p>
   </div>
   <div class='ocr_carea' id='block_1_5' title="bbox 258 2547 1146 2639">
    <p class='ocr_par' dir='ltr' id='par_1_7' title="bbox 258 2547 1146 2639">
     <span class='ocr_line' id='line_1_22' title="bbox 258 2547 1146 2639; baseline -0.002 -18"><span class='ocrx_word' id='word_1_167' title='bbox 258 2547 295 2622; x_wconf 78' lang='lat' dir='ltr'>dt</span> <span class='ocrx_word' id='word_1_168' title='bbox 312 2574 425 2639; x_wconf 77' lang='lat' dir='ltr'>pactum</span> <span class='ocrx_word' id='word_1_169' title='bbox 443 2580 477 2620; x_wconf 87' lang='lat' dir='ltr'>ex</span> <span class='ocrx_word' id='word_1_170' title='bbox 494 2565 628 2620; x_wconf 77' lang='lat' dir='ltr'>lutulento</span> <span class='ocrx_word' id='word_1_171' title='bbox 646 2579 729 2620; x_wconf 85' lang='lat' dir='ltr'>caeno</span> <span class='ocrx_word' id='word_1_172' title='bbox 748 2565 862 2634; x_wconf 84' lang='lat' dir='ltr'>propere</span> <span class='ocrx_word' id='word_1_173' title='bbox 880 2565 943 2620; x_wconf 86' lang='lat' dir='ltr'>hinc</span> <span class='ocrx_word' id='word_1_174' title='bbox 961 2564 1049 2622; x_wconf 86' lang='lat' dir='ltr'>cliciit</span> <span class='ocrx_word' id='word_1_175' title='bbox 1064 2566 1146 2622; x_wconf 85' lang='lat' dir='ltr'>foras.</span> 
     </span>
    </p>
   </div>
   <div class='ocr_carea' id='block_1_6' title="bbox 768 2787 898 2841">
    <p class='ocr_par' dir='ltr' id='par_1_8' title="bbox 768 2787 898 2841">
     <span class='ocr_line' id='line_1_23' title="bbox 768 2787 898 2841; baseline 0 -1"><span class='ocrx_word' id='word_1_176' title='bbox 768 2787 845 2841; x_wconf 82' lang='lat' dir='ltr'>Rec.</span> <span class='ocrx_word' id='word_1_177' title='bbox 867 2788 898 2840; x_wconf 87' lang='grc' dir='ltr'>Β.</span> 
     </span>
    </p>
   </div>
   <div class='ocr_carea' id='block_1_7' title="bbox 258 2881 1409 3226">
    <p class='ocr_par' dir='ltr' id='par_1_9' title="bbox 258 2881 1409 3052">
     <span class='ocr_line' id='line_1_24' title="bbox 258 2881 1409 2973; baseline 0.001 -15"><span class='ocrx_word' id='word_1_178' title='bbox 258 2881 351 2972; x_wconf 78' lang='lat' dir='ltr'>ligone</span> <span class='ocrx_word' id='word_1_179' title='bbox 368 2906 400 2957; x_wconf 89' lang='lat' dir='ltr'>ut</span> <span class='ocrx_word' id='word_1_180' title='bbox 416 2902 485 2956; x_wconf 89' lang='lat' dir='ltr'>haec</span> <span class='ocrx_word' id='word_1_181' title='bbox 504 2903 632 2957; x_wconf 84' lang='lat' dir='ltr'>conclusa</span> <span class='ocrx_word' id='word_1_182' title='bbox 648 2908 749 2970; x_wconf 85' lang='lat' dir='ltr'>gestem</span> <span class='ocrx_word' id='word_1_183' title='bbox 767 2905 939 2960; x_wconf 76' lang='lat' dir='ltr'>clanculum?</span> <span class='ocrx_word' id='word_1_184' title='bbox 963 2911 993 2959; x_wconf 88' lang='lat' dir='ltr'>ut</span> <span class='ocrx_word' id='word_1_185' title='bbox 1012 2905 1095 2958; x_wconf 76' lang='lat' dir='ltr'>celem</span> <span class='ocrx_word' id='word_1_186' title='bbox 1112 2906 1225 2973; x_wconf 85' lang='lat' dir='ltr'>patrem,</span> <span class='ocrx_word' id='word_1_187' title='bbox 1272 2887 1274 2896; x_wconf 52' lang='lat'>¹</span> <span class='ocrx_word' id='word_1_188' title='bbox 1356 2909 1409 2959; x_wconf 77' lang='grc'>375</span> 
     </span>
     <span class='ocr_line' id='line_1_25' title="bbox 258 2985 1048 3052; baseline 0 -12"><span class='ocrx_word' id='word_1_189' title='bbox 258 2987 414 3049; x_wconf 83' lang='lat' dir='ltr'>Pistoclere,</span> <span class='ocrx_word' id='word_1_190' title='bbox 432 2990 480 3040; x_wconf 79' lang='lat' dir='ltr'>triu</span> <span class='ocrx_word' id='word_1_191' title='bbox 497 2985 600 3052; x_wconf 77' lang='lat' dir='ltr'>flagitis</span> <span class='ocrx_word' id='word_1_192' title='bbox 617 2990 666 3039; x_wconf 85' lang='lat' dir='ltr'>aut</span> <span class='ocrx_word' id='word_1_193' title='bbox 683 2987 778 3043; x_wconf 75' lang='lat' dir='ltr'>dimna</span> <span class='ocrx_word' id='word_1_194' title='bbox 796 2995 845 3042; x_wconf 83' lang='lat' dir='ltr'>aut</span> <span class='ocrx_word' id='word_1_195' title='bbox 863 2989 1048 3044; x_wconf 77' lang='lat' dir='ltr'>desidiibuia?</span> 
     </span>
    </p>

    <p class='ocr_par' dir='ltr' id='par_1_10' title="bbox 258 3067 1182 3148">
     <span class='ocr_line' id='line_1_26' title="bbox 258 3067 1182 3148; baseline 0.002 -23"><span class='ocrx_word' id='word_1_196' title='bbox 258 3069 361 3148; x_wconf 65' lang='lat' dir='ltr'>Quibus</span> <span class='ocrx_word' id='word_1_197' title='bbox 378 3075 484 3139; x_wconf 87' lang='lat' dir='ltr'>patrem</span> <span class='ocrx_word' id='word_1_198' title='bbox 502 3075 529 3121; x_wconf 86' lang='lat' dir='ltr'>et</span> <span class='ocrx_word' id='word_1_199' title='bbox 545 3083 588 3121; x_wconf 89' lang='lat' dir='ltr'>me</span> <span class='ocrx_word' id='word_1_200' title='bbox 606 3067 686 3136; x_wconf 78' lang='lat' dir='ltr'>tique</span> <span class='ocrx_word' id='word_1_201' title='bbox 704 3075 857 3140; x_wconf 85' lang='lat' dir='ltr'>amicosque</span> <span class='ocrx_word' id='word_1_202' title='bbox 875 3073 961 3128; x_wconf 84' lang='lat' dir='ltr'>omnis</span> <span class='ocrx_word' id='word_1_203' title='bbox 980 3072 1102 3128; x_wconf 74' lang='lat' dir='ltr'>adiectis</span> <span class='ocrx_word' id='word_1_204' title='bbox 1120 3075 1182 3128; x_wconf 89' lang='lat' dir='ltr'>tuos</span> 
     </span>
    </p>

    <p class='ocr_par' dir='ltr' id='par_1_11' title="bbox 259 3151 1408 3226">
     <span class='ocr_line' id='line_1_27' title="bbox 259 3151 1408 3226; baseline 0.003 -18"><span class='ocrx_word' id='word_1_205' title='bbox 259 3152 306 3208; x_wconf 87' lang='lat' dir='ltr'>Ad</span> <span class='ocrx_word' id='word_1_206' title='bbox 322 3153 459 3223; x_wconf 85' lang='lat' dir='ltr'>probrum,</span> <span class='ocrx_word' id='word_1_207' title='bbox 478 3151 613 3216; x_wconf 83' lang='lat' dir='ltr'>damnum,</span> <span class='ocrx_word' id='word_1_208' title='bbox 631 3153 763 3222; x_wconf 83' lang='lat' dir='ltr'>flagitium</span> <span class='ocrx_word' id='word_1_209' title='bbox 780 3155 916 3224; x_wconf 70' lang='lat' dir='ltr'>adpellere</span> <span class='ocrx_word' id='word_1_210' title='bbox 933 3173 988 3211; x_wconf 90' lang='lat' dir='ltr'>una</span> <span class='ocrx_word' id='word_1_211' title='bbox 1006 3160 1033 3211; x_wconf 88' lang='lat' dir='ltr'>et</span> <span class='ocrx_word' id='word_1_212' title='bbox 1050 3156 1172 3226; x_wconf 72' lang='lat' dir='ltr'>perdere.</span> <span class='ocrx_word' id='word_1_213' title='bbox 1355 3162 1408 3213; x_wconf 86' lang='grc'>378</span> 
     </span>
    </p>
   </div>
   <div class='ocr_carea' id='block_1_8' title="bbox 257 3237 1408 3309">
    <p class='ocr_par' dir='ltr' id='par_1_12' title="bbox 257 3237 1408 3309">
     <span class='ocr_line' id='line_1_28' title="bbox 257 3237 1408 3309; baseline 0.003 -17"><span class='ocrx_word' id='word_1_214' title='bbox 257 3238 345 3302; x_wconf 85' lang='lat' dir='ltr'>Nunc,</span> <span class='ocrx_word' id='word_1_215' title='bbox 362 3237 438 3307; x_wconf 91' lang='lat' dir='ltr'>prius</span> <span class='ocrx_word' id='word_1_216' title='bbox 457 3252 537 3306; x_wconf 89' lang='lat' dir='ltr'>quam</span> <span class='ocrx_word' id='word_1_217' title='bbox 555 3237 652 3290; x_wconf 85' lang='lat' dir='ltr'>malum</span> <span class='ocrx_word' id='word_1_218' title='bbox 670 3237 740 3293; x_wconf 87' lang='lat' dir='ltr'>istoc</span> <span class='ocrx_word' id='word_1_219' title='bbox 757 3240 841 3307; x_wconf 85' lang='lat' dir='ltr'>addis,</span> <span class='ocrx_word' id='word_1_220' title='bbox 860 3241 990 3296; x_wconf 77' lang='lat' dir='ltr'>certumst</span> <span class='ocrx_word' id='word_1_221' title='bbox 1006 3241 1060 3295; x_wconf 82' lang='lat' dir='ltr'>iam</span> <span class='ocrx_word' id='word_1_222' title='bbox 1078 3239 1164 3295; x_wconf 79' lang='lat' dir='ltr'>dicim</span> <span class='ocrx_word' id='word_1_223' title='bbox 1182 3240 1261 3309; x_wconf 86' lang='lat' dir='ltr'>patri,</span> <span class='ocrx_word' id='word_1_224' title='bbox 1356 3245 1408 3296; x_wconf 74' lang='lat'>382</span> 
     </span>
    </p>
   </div>
   <div class='ocr_carea' id='block_1_9' title="bbox 257 3351 1409 3442">
    <p class='ocr_par' dir='ltr' id='par_1_13' title="bbox 257 3351 1409 3442">
     <span class='ocr_line' id='line_1_29' title="bbox 257 3351 1409 3442; baseline 0.004 -17"><span class='ocrx_word' id='word_1_225' title='bbox 257 3351 294 3426; x_wconf 80' lang='lat' dir='ltr'>dt</span> <span class='ocrx_word' id='word_1_226' title='bbox 310 3379 424 3442; x_wconf 77' lang='lat' dir='ltr'>panium</span> <span class='ocrx_word' id='word_1_227' title='bbox 442 3387 476 3426; x_wconf 87' lang='lat' dir='ltr'>cx</span> <span class='ocrx_word' id='word_1_228' title='bbox 492 3371 625 3427; x_wconf 73' lang='lat' dir='ltr'>lutulento</span> <span class='ocrx_word' id='word_1_229' title='bbox 644 3387 728 3428; x_wconf 87' lang='lat' dir='ltr'>caeno</span> <span class='ocrx_word' id='word_1_230' title='bbox 745 3376 862 3442; x_wconf 82' lang='lat' dir='ltr'>propere</span> <span class='ocrx_word' id='word_1_231' title='bbox 878 3375 942 3429; x_wconf 88' lang='lat' dir='ltr'>hinc</span> <span class='ocrx_word' id='word_1_232' title='bbox 960 3374 1051 3430; x_wconf 73' lang='lat' dir='ltr'>eiicidt</span> <span class='ocrx_word' id='word_1_233' title='bbox 1069 3374 1150 3430; x_wconf 80' lang='lat' dir='ltr'>iores.</span> <span class='ocrx_word' id='word_1_234' title='bbox 1357 3380 1409 3430; x_wconf 81' lang='grc'>384</span> 
     </span>
    </p>
   </div>
   <div class='ocr_carea' id='block_1_10' title="bbox 290 3513 1413 4110">
    <p class='ocr_par' dir='ltr' id='par_1_14' title="bbox 291 3513 488 3556">
     <span class='ocr_line' id='line_1_30' title="bbox 291 3513 488 3556; baseline -0.005 0"><span class='ocrx_word' id='word_1_235' title='bbox 291 3513 392 3556; x_wconf 72' lang='lat' dir='ltr'>iduor.</span> <span class='ocrx_word' id='word_1_236' title='bbox 411 3515 488 3556; x_wconf 67' lang='lat' dir='ltr'>criu:</span> 
     </span>
    </p>

    <p class='ocr_par' dir='ltr' id='par_1_15' title="bbox 290 3577 1413 4110">
     <span class='ocr_line' id='line_1_31' title="bbox 377 3577 1408 3636; baseline 0.004 -14"><span class='ocrx_word' id='word_1_237' title='bbox 377 3577 435 3628; x_wconf 78' lang='grc'>379.</span> <span class='ocrx_word' id='word_1_238' title='bbox 459 3582 490 3623; x_wconf 80' lang='lat' dir='ltr'>tui</span> <span class='ocrx_word' id='word_1_239' title='bbox 508 3583 544 3624; x_wconf 80' lang='lat' dir='ltr'>ted</span> <span class='ocrx_word' id='word_1_240' title='bbox 561 3581 664 3635; x_wconf 72' lang='lat' dir='ltr'>serpena</span> <span class='ocrx_word' id='word_1_241' title='bbox 681 3584 760 3627; x_wconf 74' lang='lat' dir='ltr'>illurn.</span> <span class='ocrx_word' id='word_1_242' title='bbox 779 3589 824 3624; x_wconf 77' lang='lat' dir='ltr'>urst.</span> <span class='ocrx_word' id='word_1_243' title='bbox 843 3584 898 3626; x_wconf 80' lang='lat' dir='ltr'>stud.</span> <span class='ocrx_word' id='word_1_244' title='bbox 918 3595 937 3624; x_wconf 89' lang='lat' dir='ltr'>u.</span> <span class='ocrx_word' id='word_1_245' title='bbox 954 3583 1006 3625; x_wconf 76' lang='lat' dir='ltr'>idio</span> <span class='ocrx_word' id='word_1_246' title='bbox 1021 3596 1044 3636; x_wconf 83' lang='lat' dir='ltr'>p.</span> <span class='ocrx_word' id='word_1_247' title='bbox 1062 3583 1124 3632; x_wconf 73' lang='lat'>332,</span> <span class='ocrx_word' id='word_1_248' title='bbox 1148 3582 1234 3625; x_wconf 74' lang='lat' dir='ltr'>biacia:</span> <span class='ocrx_word' id='word_1_249' title='bbox 1255 3585 1408 3636; x_wconf 71' lang='lat' dir='ltr'>praepositum</span> 
     </span>
     <span class='ocr_line' id='line_1_32' title="bbox 291 3649 1406 3705; baseline 0.003 -14"><span class='ocrx_word' id='word_1_250' title='bbox 291 3655 364 3692; x_wconf 84' lang='lat' dir='ltr'>iumen</span> <span class='ocrx_word' id='word_1_251' title='bbox 381 3655 403 3690; x_wconf 83' lang='lat' dir='ltr'>et</span> <span class='ocrx_word' id='word_1_252' title='bbox 420 3649 526 3691; x_wconf 77' lang='lat' dir='ltr'>intentum</span> <span class='ocrx_word' id='word_1_253' title='bbox 544 3662 572 3692; x_wconf 80' lang='lat' dir='ltr'>aa</span> <span class='ocrx_word' id='word_1_254' title='bbox 590 3651 694 3693; x_wconf 80' lang='lat' dir='ltr'>libr-cmm</span> <span class='ocrx_word' id='word_1_255' title='bbox 712 3651 840 3692; x_wconf 72' lang='lat' dir='ltr'>auctoritare</span> <span class='ocrx_word' id='word_1_256' title='bbox 855 3662 977 3703; x_wconf 83' lang='lat' dir='ltr'>pronomen</span> <span class='ocrx_word' id='word_1_257' title='bbox 996 3658 1016 3694; x_wconf 80' lang='lat' dir='ltr'>ic</span> <span class='ocrx_word' id='word_1_258' title='bbox 1031 3657 1146 3705; x_wconf 70' lang='lat' dir='ltr'>macerare</span> <span class='ocrx_word' id='word_1_259' title='bbox 1163 3651 1216 3692; x_wconf 86' lang='lat' dir='ltr'>mibi</span> <span class='ocrx_word' id='word_1_260' title='bbox 1233 3651 1322 3692; x_wconf 69' lang='lat' dir='ltr'>uidetur</span> <span class='ocrx_word' id='word_1_261' title='bbox 1339 3659 1360 3694; x_wconf 80' lang='lat' dir='ltr'>sc</span> <span class='ocrx_word' id='word_1_262' title='bbox 1376 3653 1406 3694; x_wconf 84' lang='lat' dir='ltr'>si-</span> 
     </span>
     <span class='ocr_line' id='line_1_33' title="bbox 291 3717 1407 3773; baseline 0.002 -14"><span class='ocrx_word' id='word_1_263' title='bbox 291 3717 415 3760; x_wconf 76' lang='lat' dir='ltr'>militudine</span> <span class='ocrx_word' id='word_1_264' title='bbox 433 3717 525 3770; x_wconf 79' lang='lat' dir='ltr'>quodum</span> <span class='ocrx_word' id='word_1_265' title='bbox 543 3728 617 3760; x_wconf 75' lang='lat' dir='ltr'>comm</span> <span class='ocrx_word' id='word_1_266' title='bbox 635 3718 796 3770; x_wconf 75' lang='lat' dir='ltr'>exemplorum,</span> <span class='ocrx_word' id='word_1_267' title='bbox 818 3730 872 3771; x_wconf 81' lang='lat' dir='ltr'>pauc</span> <span class='ocrx_word' id='word_1_268' title='bbox 889 3718 1018 3762; x_wconf 71' lang='lat' dir='ltr'>aracaeum</span> <span class='ocrx_word' id='word_1_269' title='bbox 1035 3719 1133 3773; x_wconf 79' lang='lat' dir='ltr'>Prolepp.</span> <span class='ocrx_word' id='word_1_270' title='bbox 1147 3730 1170 3771; x_wconf 85' lang='lat' dir='ltr'>p.</span> <span class='ocrx_word' id='word_1_271' title='bbox 1188 3719 1232 3762; x_wconf 77' lang='lat'>2⁶3</span> <span class='ocrx_word' id='word_1_272' title='bbox 1245 3729 1276 3770; x_wconf 79' lang='lat' dir='ltr'>sq.</span> <span class='ocrx_word' id='word_1_273' title='bbox 1295 3721 1407 3768; x_wconf 70' lang='lat' dir='ltr'>trumonis,</span> 
     </span>
     <span class='ocr_line' id='line_1_34' title="bbox 291 3780 1408 3845; baseline 0.001 -18"><span class='ocrx_word' id='word_1_274' title='bbox 291 3783 451 3827; x_wconf 74' lang='lat' dir='ltr'>atrocioribus</span> <span class='ocrx_word' id='word_1_275' title='bbox 473 3786 626 3838; x_wconf 78' lang='lat' dir='ltr'>prummuricia.</span> <span class='ocrx_word' id='word_1_276' title='bbox 650 3780 654 3845; x_wconf 86' lang='grc' dir='ltr'>Ι</span> <span class='ocrx_word' id='word_1_277' title='bbox 686 3781 743 3832; x_wconf 82' lang='grc'>380.</span> <span class='ocrx_word' id='word_1_278' title='bbox 766 3785 828 3828; x_wconf 82' lang='lat' dir='ltr'>Hunc</span> <span class='ocrx_word' id='word_1_279' title='bbox 850 3798 871 3827; x_wconf 84' lang='lat' dir='ltr'>u.</span> <span class='ocrx_word' id='word_1_280' title='bbox 887 3787 957 3828; x_wconf 84' lang='lat' dir='ltr'>solum</span> <span class='ocrx_word' id='word_1_281' title='bbox 975 3787 999 3828; x_wconf 85' lang='lat' dir='ltr'>in</span> <span class='ocrx_word' id='word_1_282' title='bbox 1016 3788 1160 3840; x_wconf 78' lang='lat' dir='ltr'>suspicionem</span> <span class='ocrx_word' id='word_1_283' title='bbox 1182 3786 1258 3828; x_wconf 77' lang='lat' dir='ltr'>noemi</span> <span class='ocrx_word' id='word_1_284' title='bbox 1276 3784 1408 3828; x_wconf 80' lang='lat' dir='ltr'>Frilzscbiua</span> 
     </span>
     <span class='ocr_line' id='line_1_35' title="bbox 291 3847 1408 3914; baseline 0.003 -21"><span class='ocrx_word' id='word_1_285' title='bbox 291 3853 359 3895; x_wconf 82' lang='lat' dir='ltr'>uoluit</span> <span class='ocrx_word' id='word_1_286' title='bbox 374 3854 421 3896; x_wconf 85' lang='lat' dir='ltr'>iad.</span> <span class='ocrx_word' id='word_1_287' title='bbox 435 3852 534 3894; x_wconf 83' lang='lat' dir='ltr'>Rostocb.</span> <span class='ocrx_word' id='word_1_288' title='bbox 550 3864 570 3893; x_wconf 88' lang='lat' dir='ltr'>n.</span> <span class='ocrx_word' id='word_1_289' title='bbox 582 3847 674 3914; x_wconf 71' lang='lat' dir='ltr'><em>¹⁸7⁷l⁷⁸</em></span> <span class='ocrx_word' id='word_1_290' title='bbox 688 3866 712 3906; x_wconf 81' lang='lat' dir='ltr'>p.</span> <span class='ocrx_word' id='word_1_291' title='bbox 724 3855 784 3906; x_wconf 77' lang='lat' dir='ltr'>dep,</span> <span class='ocrx_word' id='word_1_292' title='bbox 801 3866 885 3896; x_wconf 87' lang='lat' dir='ltr'>merom</span> <span class='ocrx_word' id='word_1_293' title='bbox 899 3854 1068 3906; x_wconf 68' lang='lat' dir='ltr'>cicrops-apinam</span> <span class='ocrx_word' id='word_1_294' title='bbox 1085 3867 1131 3897; x_wconf 82' lang='lat' dir='ltr'>esse</span> <span class='ocrx_word' id='word_1_295' title='bbox 1149 3860 1208 3896; x_wconf 79' lang='lat' dir='ltr'>rurus</span> <span class='ocrx_word' id='word_1_296' title='bbox 1225 3853 1316 3906; x_wconf 71' lang='lat' dir='ltr'>pannias*</span> <span class='ocrx_word' id='word_1_297' title='bbox 1334 3866 1408 3896; x_wconf 69' lang='lat' dir='ltr'>ueram</span> 
     </span>
     <span class='ocr_line' id='line_1_36' title="bbox 290 3920 1407 3974; baseline 0.003 -13"><span class='ocrx_word' id='word_1_298' title='bbox 290 3920 343 3969; x_wconf 74' lang='lat'><em>377,</em></span> <span class='ocrx_word' id='word_1_299' title='bbox 362 3921 501 3962; x_wconf 82' lang='lat' dir='ltr'>librariorum</span> <span class='ocrx_word' id='word_1_300' title='bbox 513 3921 656 3973; x_wconf 79' lang='lat' dir='ltr'>incopituntio</span> <span class='ocrx_word' id='word_1_301' title='bbox 669 3926 746 3969; x_wconf 79' lang='lat' dir='ltr'>uriom,</span> <span class='ocrx_word' id='word_1_302' title='bbox 765 3933 808 3964; x_wconf 88' lang='lat' dir='ltr'>non</span> <span class='ocrx_word' id='word_1_303' title='bbox 823 3924 871 3964; x_wconf 81' lang='lat' dir='ltr'>sine</span> <span class='ocrx_word' id='word_1_304' title='bbox 884 3922 979 3964; x_wconf 79' lang='lat' dir='ltr'>ridiculo</span> <span class='ocrx_word' id='word_1_305' title='bbox 993 3923 1074 3964; x_wconf 86' lang='lat' dir='ltr'>mendo</span> <span class='ocrx_word' id='word_1_306' title='bbox 1092 3922 1176 3965; x_wconf 85' lang='lat' dir='ltr'>adduas</span> <span class='ocrx_word' id='word_1_307' title='bbox 1191 3933 1233 3974; x_wconf 81' lang='lat' dir='ltr'>pro</span> <span class='ocrx_word' id='word_1_308' title='bbox 1252 3921 1353 3963; x_wconf 83' lang='lat' dir='ltr'>udilicius</span> <span class='ocrx_word' id='word_1_309' title='bbox 1372 3922 1407 3964; x_wconf 82' lang='lat' dir='ltr'>uel</span> 
     </span>
     <span class='ocr_line' id='line_1_37' title="bbox 292 3983 1408 4047; baseline 0.001 -18"><span class='ocrx_word' id='word_1_310' title='bbox 292 3988 397 4030; x_wconf 82' lang='lat' dir='ltr'>adlectus.</span> <span class='ocrx_word' id='word_1_311' title='bbox 416 3983 421 4047; x_wconf 79' lang='grc' dir='ltr'>Ι</span> <span class='ocrx_word' id='word_1_312' title='bbox 443 3985 501 4035; x_wconf 82' lang='grc'>381,</span> <span class='ocrx_word' id='word_1_313' title='bbox 521 3988 571 4030; x_wconf 82' lang='lat' dir='ltr'>lund</span> <span class='ocrx_word' id='word_1_314' title='bbox 590 3989 718 4031; x_wconf 81' lang='lat' dir='ltr'>iiilscbeiiuo</span> <span class='ocrx_word' id='word_1_315' title='bbox 734 3987 790 4031; x_wconf 84' lang='lat' dir='ltr'>Non.</span> <span class='ocrx_word' id='word_1_316' title='bbox 808 3991 860 4034; x_wconf 66' lang='lat' dir='ltr'>bisc.</span> <span class='ocrx_word' id='word_1_317' title='bbox 874 4002 898 4042; x_wconf 80' lang='lat' dir='ltr'>p.</span> <span class='ocrx_word' id='word_1_318' title='bbox 916 3991 950 4031; x_wconf 80' lang='grc'>38.</span> <span class='ocrx_word' id='word_1_319' title='bbox 970 3995 1007 4032; x_wconf 77' lang='lat' dir='ltr'>lua</span> <span class='ocrx_word' id='word_1_320' title='bbox 1025 3990 1089 4038; x_wconf 83' lang='lat' dir='ltr'>iibri,</span> <span class='ocrx_word' id='word_1_321' title='bbox 1108 3991 1196 4038; x_wconf 71' lang='lat' dir='ltr'>ilerum,</span> <span class='ocrx_word' id='word_1_322' title='bbox 1214 3989 1365 4031; x_wconf 79' lang='lat' dir='ltr'>Lmbmunnua</span> <span class='ocrx_word' id='word_1_323' title='bbox 1382 3991 1408 4030; x_wconf 85' lang='lat' dir='ltr'>in</span> 
     </span>
     <span class='ocr_line' id='line_1_38' title="bbox 292 4051 1413 4110; baseline 0.002 -14"><span class='ocrx_word' id='word_1_324' title='bbox 292 4055 351 4096; x_wconf 83' lang='lat' dir='ltr'>incr.</span> <span class='ocrx_word' id='word_1_325' title='bbox 366 4067 389 4106; x_wconf 84' lang='lat' dir='ltr'>p.</span> <span class='ocrx_word' id='word_1_326' title='bbox 403 4051 453 4103; x_wconf 76' lang='lat'>200,</span> <span class='ocrx_word' id='word_1_327' title='bbox 471 4056 626 4098; x_wconf 82' lang='lat' dir='ltr'>Durrrmunrms</span> <span class='ocrx_word' id='word_1_328' title='bbox 645 4056 764 4100; x_wconf 77' lang='lat' dir='ltr'>oosomnu.</span> <span class='ocrx_word' id='word_1_329' title='bbox 780 4069 805 4108; x_wconf 81' lang='lat' dir='ltr'>p.</span> <span class='ocrx_word' id='word_1_330' title='bbox 816 4058 852 4105; x_wconf 75' lang='lat'>2⁵,</span> <span class='ocrx_word' id='word_1_331' title='bbox 869 4057 997 4110; x_wconf 79' lang='lat' dir='ltr'>Spenpair&#39;uu</span> <span class='ocrx_word' id='word_1_332' title='bbox 1015 4057 1037 4099; x_wconf 80' lang='grc' dir='ltr'>Τ.</span> <span class='ocrx_word' id='word_1_333' title='bbox 1050 4057 1078 4102; x_wconf 80' lang='grc' dir='ltr'>Μ.</span> <span class='ocrx_word' id='word_1_334' title='bbox 1092 4058 1163 4102; x_wconf 82' lang='lat' dir='ltr'>Pium.</span> <span class='ocrx_word' id='word_1_335' title='bbox 1176 4071 1199 4110; x_wconf 85' lang='lat' dir='ltr'>p.</span> <span class='ocrx_word' id='word_1_336' title='bbox 1215 4057 1265 4101; x_wconf 73' lang='lat' dir='ltr'>toi.</span> <span class='ocrx_word' id='word_1_337' title='bbox 1275 4055 1326 4105; x_wconf 75' lang='lat'>207,</span> <span class='ocrx_word' id='word_1_338' title='bbox 1346 4057 1413 4100; x_wconf 71' lang='lat' dir='ltr'>Uos..-</span> 
     </span>
    </p>
   </div>
   <div class='ocr_carea' id='block_1_11' title="bbox 0 0 1572 4750">
    <p class='ocr_par' dir='ltr' id='par_1_16' title="bbox 0 0 1572 4750">
     <span class='ocr_line' id='line_1_39' title="bbox 0 0 1572 4750; baseline 0 0"><span class='ocrx_word' id='word_1_339' title='bbox 0 0 1572 4750; x_wconf 95' lang='lat' dir='ltr'> </span> 
     </span>
    </p>
   </div>
  </div>
 </body>
</html>
