3080 4748
254 315 315 376 i2⁴d
644 312 820 368 Gualtharius
839 313 1008 368 Brachmann

336 485 458 565 Quodsi
481 484 661 566 quisdicat
690 442 856 550 insuauem
884 484 1203 551 interstitionem
1230 481 1301 548 fieri
1330 503 1402 550 ora-

252 589 346 656 tionis
360 595 433 673 post
447 608 476 653 u.
497 591 571 652 110:
594 605 656 652 non
672 603 767 667 aegre
781 584 867 650 idem
883 605 938 652 eos
955 586 1066 652 tulisse
1089 589 1175 671 puto,
1198 583 1313 664 quibus
1337 605 1404 651 non

252 689 417 774 legendae,
440 687 498 756 sed
520 685 712 773 spectandae
735 684 766 750 in
789 685 913 752 theatro
935 687 1029 753 huius
1051 706 1188 753 scaenae
1205 687 1299 770 copia
1313 687 1403 754 lacta

254 799 346 860 esset.
380 791 489 875 Pergit
511 787 661 857 uidelicet
680 786 765 868 loqui
781 786 900 871 Lydus,
923 788 1072 869 quoniam
1087 788 1190 872 pergit
1205 788 1402 856 Pistoclerus

252 895 428 960 institutam
444 892 530 957 uiam
553 897 668 971 tenere,
692 907 795 970 neque
817 889 987 971 quicquam
1010 888 1052 954 ad
1073 889 1180 974 priora
1201 889 1402 975 respondens

252 1013 355 1077 neque
371 992 553 1074 consistens,
576 990 631 1056 abi
646 989 688 1055 ad
704 995 852 1073 paternas
874 989 972 1057 aedes
993 997 1179 1074 peruentum
1202 997 1251 1058 est
1263 992 1299 1072 1).
1334 993 1400 1077 Ap-

252 1102 343 1180 paret
363 1101 486 1176 autem,
514 1092 542 1157 si
564 1091 624 1158 hoc
647 1092 732 1174 loco,
762 1097 836 1158 ante
859 1112 886 1157 u.
914 1095 988 1174 113,
1017 1091 1195 1159 inserantur
1216 1112 1327 1158 uersus
1349 1093 1400 1158 illi

255 1199 389 1275 idpsqm

404 1309 467 1363 Non
484 1307 529 1363 hlc
547 1307 638 1378 placet
655 1309 692 1362 mi
709 1306 828 1364 ornatus.
864 1307 956 1362 PIST:
976 1305 1061 1362 Nemo
1079 1309 1141 1375 ergd
1159 1307 1208 1364 tibi
1323 1283 1325 1290 ’

404 1394 463 1449 Hoc
481 1393 639 1464 apparaait:
658 1392 724 1448 mihi
740 1396 899 1462 paratumst,
919 1393 980 1460 quoi
997 1391 1106 1460 placet,

253 1515 338 1597 quod
360 1515 462 1583 uoluit
480 1514 644 1584 Goetnius:
666 1515 730 1580 iam
752 1513 927 1597 aegerrime
949 1511 1070 1597 percipi
1092 1530 1133 1576 ex
1156 1531 1249 1579 uersu
1270 1520 1398 1582 antece-

252 1619 348 1685 dente
377 1618 545 1703 repetitnm
572 1616 763 1682 uocabulum
795 1625 938 1699 ornatus,
972 1613 1160 1697 praesertim
1189 1634 1259 1678 oum
1287 1616 1399 1682 statim

253 1740 281 1786 u.
308 1725 365 1784 114
388 1718 501 1788 eadem
523 1737 573 1782 res
598 1717 711 1783 iterum
741 1721 896 1798 tangatur.
941 1714 1075 1780 Accedit·
1103 1715 1188 1795 quod
1215 1722 1287 1800 post
1312 1717 1398 1784 inso-

251 1823 319 1888 lens
341 1819 420 1885 illud
442 1819 655 1900 acerbumque
676 1834 862 1898 responsum
887 1822 1133 1882 consentaneum
1161 1821 1209 1882 est
1235 1837 1298 1884 non
1328 1820 1397 1902 pla-

251 1920 322 1986 cide
336 1918 458 1999 aliquid
474 1937 625 2000 quaerere
641 1917 872 2001 paedagogum,
895 1914 952 1982 sed
967 1916 1169 1985 stomachosa
1187 1916 1399 2001 castigatione

251 2020 442 2105 discipulum
462 2020 632 2102 corripere.

336 2120 441 2200 Quid?
469 2142 572 2189 nonne
595 2140 704 2188 uersus
726 2119 789 2201 illi,
819 2116 873 2201 qui
894 2117 1010 2184 frustra
1031 2120 1064 2184 in
1086 2120 1147 2186 hac
1173 2120 1275 2201 qualis
1301 2121 1397 2188 nobis

251 2223 370 2291 tradita
395 2231 444 2292 est
471 2243 587 2290 scaena
615 2222 693 2289 satis
721 2227 831 2304 aptum
857 2219 919 2286 sibi
948 2219 1111 2300 requirunt
1137 2223 1257 2304 locum,
1286 2221 1394 2304 frag-

250 2332 422 2392 mentum
446 2345 516 2391 esse
535 2324 641 2390 uerius
664 2322 927 2388 existimabuntur
949 2340 990 2385 ex
1012 2323 1107 2407 paulo
1131 2321 1330 2390 adstrictiore
1351 2324 1396 2389 si·

250 2426 334 2491 milis
357 2425 533 2507 argumenti
555 2442 701 2487 sermone
723 2429 899 2503 seruatum,
929 2442 1023 2506 quem
1051 2443 1114 2488 non
1142 2422 1328 2490 incredibile
1352 2425 1395 2490 sit

248 2525 378 2608 genuini
401 2525 469 2589 loco
493 2543 565 2590 eum
594 2523 627 2587 in
656 2522 748 2588 huius
776 2542 911 2589 scaenae
940 2524 1044 2608 capite
1072 2525 1267 2609 reposuisse,
1297 2544 1395 2607 quem

247 2625 387 2707 reliquas
410 2624 553 2690 eiusdem
575 2630 682 2710 partes
704 2631 827 2691 constet
855 2624 951 2691 ualde
979 2625 1165 2693 immutasse
1193 2646 1296 2708 neque
1325 2628 1395 2693 ueri

248 2726 401 2794 dissimile
423 2727 465 2792 sit
487 2726 655 2794 breuiandi
677 2728 807 2794 consilio
829 2727 1076 2794 retractauisse?

342 2830 427 2895 Nam
458 2849 554 2896 causa
583 2850 646 2896 non
674 2837 723 2896 est
753 2850 806 2896 cur
840 2829 1019 2895 dubitemus
1051 2829 1126 2910 quin
1156 2847 1238 2910 quae
1267 2830 1394 2912 integra

247 2932 338 2997 nobis
361 2936 489 2997 seruata
511 2935 558 2995 est
579 2930 672 2996 huius
694 2929 840 3013 principii
861 2931 1002 2995 recensio
1025 2931 1066 2996 ab
1089 2929 1159 3016 ipso
1182 2932 1295 2997 Plauto
1318 2952 1391 3016 pro-

245 3035 330 3096 fecta
352 3031 402 3095 sit.
440 3031 489 3094 De
512 3030 624 3094 ceteris
646 3034 752 3094 autem
775 3030 802 3095 si
825 3030 1019 3110 quaerimus:
1043 3031 1129 3118 quod
1152 3031 1193 3098 ad
1215 3040 1392 3099 extremam

245 3149 395 3196 scaenam
417 3126 547 3210 attinet,
577 3128 843 3212 acquiescendum
865 3137 914 3196 est
935 3130 968 3196 in
990 3131 1112 3200 ratione
1136 3140 1227 3199 acute
1249 3153 1290 3199 ex
1320 3134 1391 3218 ipso

245 3237 430 3316 argumento
446 3229 555 3314 petita,
574 3247 637 3311 qua
653 3229 829 3313 Seyffertus
845 3252 916 3297 eam
931 3233 1156 3318 recensionem,
1180 3235 1268 3300 cuius
1284 3245 1392 3304 essent

244 3355 295 3400 uu.
314 3337 374 3398 166
386 3353 433 3416 sq.
450 3333 496 3418 R,
521 3330 747 3416 (augustiorem
763 3331 866 3416 igitur,
891 3353 986 3414 quam
1002 3335 1028 3398 B
1050 3333 1158 3402 littera
1179 3335 1390 3420 signauimus)

244 3435 464 3516 comprobauit
484 3455 548 3500 non
570 3454 665 3518 posse
679 3434 859 3501 Plautinam
883 3453 961 3501 esse.
999 3437 1057 3502 Ille
1080 3436 1165 3501 enim
1185 3439 1263 3500 rutis
1287 3440 1391 3521 irrepta

243 3535 289 3600 ait
311 3533 491 3596 Pistoclero
501 3536 625 3617 probro
639 3536 714 3600 dari
727 3537 832 3620 potius
853 3533 938 3621 qaod
949 3536 1079 3622 flagitia
1097 3558 1155 3601 sac
1173 3539 1390 3622 poedagogum

243 3649 275 3701 et
291 3646 416 3721 putrem
439 3634 604 3709 ccluucrr't,
633 3659 722 3722 prtum
746 3637 831 3723 quod
852 3639 1046 3701 commiserit.
1092 3638 1182 3718 Quae
1205 3640 1318 3705 eadem
1341 3648 1391 3707 est

243 3737 391 3806 Teuffelii
407 3736 572 3804 sententia.
607 3739 644 3802 In
660 3739 766 3804 media
788 3740 925 3821 denique
947 3758 1064 3804 scaena
1086 3759 1169 3820 quae
1192 3762 1232 3807 ex
1254 3740 1317 3808 fine
1340 3763 1388 3810 re-

241 3841 342 3922 petita
356 3845 428 3925 post
443 3860 473 3906 u.
493 3841 548 3903 131
573 3840 770 3924 reposuimus
786 3847 851 3905 tam
866 3845 935 3906 arte
950 3861 1019 3906 cum
1043 3839 1217 3910 confinibus
1239 3844 1280 3908 ab
1303 3851 1388 3910 utra·

242 3960 445 3974 Q...-

328 4027 351 4087 1)
370 4021 432 4077 Vid.
451 4021 541 4077 adnot.
561 4022 617 4077 crit.
637 4020 671 4076 ad
689 4038 715 4077 u.
737 4027 792 4078 113.
