3092 4756
260 347 320 411 1³0
562 315 566 320 Ι
649 344 826 402 Gnaltlnarius
844 344 1016 400 Brachmann

257 519 327 574 uror
345 515 502 584 nscrpuus,
520 513 570 569 ue
588 513 689 570 sonus
707 509 797 582 pesse,
816 479 1090 582 incoeperis:

258 601 328 658 Nem
346 616 395 670 ego
412 598 487 654 illum
506 600 609 669 perisse
627 598 696 664 dico,
715 596 778 667 qnol
797 595 902 665 quidem
920 595 1002 666 periit
1019 596 1114 666 pudor.
1357 603 1406 654 485

768 765 843 819 Rec.
863 765 894 820 B.

259 885 346 942 LXD:
367 885 468 942 Ndllon
486 892 566 956 pecto
585 885 629 939 res
648 885 774 939 mandata
791 885 864 952 potis
883 884 934 950 agi,
952 882 1004 938 nisi
1021 881 1166 938 identidem
1362 892 1409 942 lle

259 970 358 1039 Minus
376 971 448 1027 ferat
465 971 587 1040 (coerceri)
605 968 726 1038 papillas,
745 967 822 1023 libre
840 967 973 1033 silubris
991 982 1124 1036 nusquam
1142 967 1265 1024 adierat?

260 1055 331 1126 Quid
349 1059 430 1125 opust
447 1053 559 1109 uerbis?
585 1053 608 1108 si
626 1053 744 1121 dpperiri
762 1048 858 1107 uellem
877 1048 1016 1120 paulisper
1033 1050 1121 1117 modo,
1207 1059 1210 1064 '
1363 1060 1409 1110 488

259 1141 324 1196 Plus
343 1139 470 1195 uidissem
489 1140 569 1206 quam
589 1136 702 1203 deceret,
721 1134 800 1206 quim
817 1151 860 1191 me
877 1141 958 1204 atque
974 1135 1020 1190 illo
1039 1138 1153 1205 aequom
1169 1135 1248 1190 foret.
1364 1145 1410 1196 488

293 1264 397 1306 Aduer-
416 1263 495 1305 criu:
1172 1300 1175 1308 ,

360 1329 538 1374 Allirscleeliueo
552 1330 652 1384 exemplo
667 1329 703 1372 edi
718 1330 853 1378 recesserim,
872 1341 883 1372 e
901 1329 959 1372 eutis
970 1329 1109 1372 Amirorieei
1126 1328 1241 1382 specimiei
1258 1330 1363 1374 subiectis
1380 1345 1412 1376 re·

294 1400 373 1454 quires.
389 1392 393 1460 l
409 1395 468 1446 478.
487 1398 640 1441 eusculnntam
658 1397 728 1440 lieet.
744 1391 748 1460 1
764 1395 822 1445 483.
840 1397 918 1440 deletis
936 1396 987 1452 quid
1001 1396 1076 1438 uerbis
1089 1398 1167 1450 opunti
1186 1398 1287 1440 lucernum
1306 1401 1413 1443 indicauit

292 1465 444 1510 Fleckeiseees
462 1466 515 1509 dece
533 1466 651 1509 llitscielio
668 1468 692 1508 ie
711 1465 866 1514 adnotatione,
889 1467 924 1518 pei
942 1477 954 1506 e
972 1475 993 1507 e.
1013 1464 1052 1508 186
1070 1464 1111 1505 iiie
1132 1463 1171 1506 dee
1188 1465 1308 1518 inrepsisse
1327 1479 1354 1509 ee
1372 1469 1414 1511 tole

295 1534 345 1588 peid
363 1535 411 1578 loco
430 1535 524 1578 mouisse
537 1536 656 1588 suspiceres
674 1540 735 1576 eree:
753 1544 826 1588 nequa
839 1533 923 1586 pudere
936 1532 1054 1587 quicquam
1068 1530 1131 1574 lectis
1145 1532 1247 1586 prodidit.
1262 1528 1266 1595 Ι
1283 1531 1343 1582 484,
1364 1535 1415 1580 huic

295 1613 349 1645 suos
367 1602 482 1646 Muellerus
500 1601 553 1644 Aee.
573 1601 633 1644 Pron.
651 1600 683 1643 Pi.
699 1613 722 1653 p.
735 1600 784 1650 151,
803 1601 848 1644 Uss.
873 1601 938 1643 holca
955 1599 1098 1643 Buechelerus
1117 1599 1163 1640 lin.
1181 1600 1260 1642 declie.
1279 1602 1319 1644 let.
1335 1615 1360 1655 p.
1375 1606 1415 1645 60.-
1480 1597 1486 1608 '

295 1669 322 1723 cf.
339 1671 481 1714 Schmidriem
501 1669 641 1720 slinestede
656 1679 758 1722 pronoen.
776 1669 832 1710 doru.
849 1668 926 1721 ferreis
944 1668 1014 1712 Pione.
1029 1678 1053 1719 p.
1074 1668 1137 1720 resq.
1156 1673 1176 1709 ee
1193 1667 1228 1708 87.
1250 1662 1254 1729 Ι
1279 1666 1338 1715 479,
1358 1673 1415 1724 poris

294 1739 372 1791 scripsi
389 1737 494 1780 suadente
512 1735 615 1778 diuellere
627 1735 688 1778 Peos.
703 1735 773 1778 Pleel.
789 1747 812 1788 p.
824 1735 872 1783 181,
891 1735 918 1788 cf.
936 1735 1049 1778 llirseleeiii
1067 1736 1101 1777 ed.
1119 1728 1190 1776 ilie.²
1208 1748 1229 1777 e.
1239 1736 1273 1776 80.
1283 1737 1336 1783 362.
1346 1733 1415 1799 7881

295 1817 353 1870 480.
372 1823 405 1864 ire
422 1832 508 1869 eorsum
526 1819 633 1872 suppleuit
653 1820 676 1862 G.
690 1818 787 1862 Loeuies
805 1820 859 1862 dece
871 1820 967 1862 umbros.
1025 1819 1072 1885 nisi
1086 1819 1137 1862 irim
1156 1830 1234 1862 manus
1246 1811 1256 1877 ΙΙ
1270 1797 1302 1862 id
1319 1821 1417 1875 papillas

296 1890 380 1930 ddlcrnt
392 1889 465 1930 lieren.
527 1886 604 1929 lleeus
623 1888 678 1928 leret
696 1887 722 1929 ad
742 1887 835 1942 pupilles
853 1899 901 1929 cum
919 1888 1027 1930 Pulelinls
1046 1887 1149 1930 Christius
1166 1886 1219 1929 Mes.
1234 1887 1303 1929 lllron.
1322 1895 1337 1930 r.
1351 1888 1419 1931 XXlll

292 1968 316 2008 p.
328 1954 377 2004 r7i,
396 1955 417 1997 S.
430 1954 522 2008 Beppies
536 1953 614 1997 Philol.
634 1961 649 1996 r.
661 1953 716 1997 XXX
730 1967 753 2007 p.
762 1955 812 2003 652,
831 1956 877 1999 Urs.
895 1954 925 1997 Ad
942 1956 1036 2010 pupilles
1051 1965 1130 1997 manua
1143 1955 1198 1997 leret
1208 1955 1306 2004 Weisius‚
1326 1955 1417 1998 Reicies

295 2022 385 2066 Emend.
401 2022 472 2068 Pleel.
492 2023 578 2064 111811
593 2035 616 2075 p.
629 2023 667 2071 87,
685 2022 766 2072 elene„
785 2023 812 2076 es.
830 2023 942 2066 illesehelii
960 2023 1059 2075 Proiepp.
1076 2034 1098 2074 p.
1111 2022 1159 2068 eri.
1178 2022 1265 2066 llerrum
1279 2024 1306 2065 nd
1320 2024 1417 2078 papillas

298 2091 382 2133 odiernt
396 2086 425 2148 (1)
443 2089 558 2133 Muellerus
573 2090 634 2133 Peos.
649 2091 682 2137 Pl.
699 2103 721 2144 p.
733 2091 775 2138 200
793 2091 849 2134 coni.
862 2092 911 2139 nie,
930 2091 1040 2143 luepuidis
1057 2101 1111 2132 sene
1129 2097 1149 2132 el
1167 2090 1293 2132 insensiles
1311 2094 1417 2134 erueretis.

330 2159 392 2201 lubra
406 2158 417 2200 l
430 2158 498 2202 lebris
512 2170 621 2212 nusquum
640 2159 724 2202 adierit
742 2170 789 2201 eene
806 2160 867 2202 lieris
884 2158 964 2210 Flere„
981 2156 1106 2206 Muellerus,
1124 2158 1196 2200 Heme.
1216 2169 1228 2200 e
1247 2158 1335 2201 labellis
1354 2159 1416 2202 libra

298 2240 319 2270 n.
338 2239 373 2270 err.
392 2227 448 2270 coel.
467 2227 544 2270 Pseud.
563 2228 617 2274 rete
635 2227 734 2280 Buppies.
763 2228 804 2270 nisi
822 2227 883 2270 lubre
903 2227 914 2268 d
933 2226 1000 2270 lebrls
1019 2238 1040 2267 n.
1059 2236 1094 2267 uer.
1113 2226 1158 2268 Ues.
1376 2219 1378 2227 '

352 2359 421 2424 Hoc
441 2356 613 2440 specimine
636 2354 772 2439 duplicis
795 2356 987 2422 recensionis
1011 2356 1210 2422 considerate
1233 2335 1417 2422 examinato

226 2532 239 2546 ‚
266 2478 307 2523 ne
322 2456 484 2522 tantillum
499 2454 637 2536 quidem,
659 2463 694 2520 ut
711 2454 844 2540 confido,
868 2455 956 2522 dubii
979 2456 1124 2523 relictum
1147 2457 1207 2522 erit
1229 2457 1305 2539 quin
1320 2457 1416 2523 Plau-

266 2558 333 2622 tina
348 2555 390 2622 sit
404 2556 492 2638 prior
506 2556 571 2622 illa.
609 2556 749 2623 Alterius
765 2557 849 2624 enim
871 2578 996 2625 uersum
1021 2566 1197 2625 extremum
1219 2559 1330 2640 legens
1352 2579 1418 2624 non

265 2658 424 2724 immerito
448 2661 579 2740 quaeret
602 2659 829 2746 unusquisque,
856 2660 1044 2742 quantulum
1066 2659 1195 2727 tandem
1217 2659 1345 2726 illarum
1367 2679 1416 2724 re

266 2781 345 2843 rum,
369 2779 452 2842 quae
467 2759 498 2827 in
514 2760 729 2845 superioribus
746 2760 899 2845 dicantur,
922 2763 1028 2828 facere
1042 2760 1252 2829 Pistoclerum
1274 2759 1418 2828 decuerit

267 2882 446 2946 aequumne
467 2862 571 2929 fuerit.
616 2862 722 2930 Simili
743 2863 839 2947 igitur
866 2863 960 2930 modo
989 2865 1086 2943 atque
1115 2863 1147 2928 in
1176 2862 1321 2928 uersibus
1345 2865 1417 2927 166.

271 2969 328 3029 167
352 2965 470 3029 lactum
494 2981 564 3028 esse
590 2962 729 3029 uidimus
758 2970 945 3030 retractator
965 2963 1091 3048 Lydum
1122 2955 1311 3030 sententiam
1339 2963 1419 3029 fecit

267 3064 524 3148 pronuntiantem
547 3062 698 3129 humilem
722 3083 760 3128 ac
781 3064 967 3146 subturpem
995 3070 1027 3131 et
1056 3063 1160 3146 qualis
1189 3064 1230 3128 ab
1261 3064 1417 3129 acerrimo

268 3162 411 3230 eiusdem
434 3162 547 3244 calore,
572 3180 684 3245 parum
707 3163 836 3243 quidem
859 3163 990 3248 efficaci,
1017 3184 1109 3247 quem
1133 3165 1166 3229 in
1188 3163 1417 3249 praecipiendo

270 3266 405 3332 honeste
420 3265 579 3330 ostentare
602 3261 754 3329 adsuetus
776 3262 873 3330 risum
895 3266 928 3330 in
950 3265 1023 3332 aliis
1045 3267 1124 3332 locis
1146 3273 1262 3349 mouet,
1284 3264 1419 3332 ridicule

268 3366 447 3432 abhorreat.
482 3366 530 3442 Ae
544 3384 619 3431 uero
635 3364 668 3429 in
683 3365 859 3431 sententiae
882 3372 970 3433 tanto
992 3366 1070 3434 uitio
1092 3371 1214 3433 formae
1236 3365 1418 3433 molestiam

268 3464 412 3532 fastidire
435 3486 498 3531 non
527 3474 772 3534 consentaneum
795 3486 865 3533 esse
888 3467 1059 3534 arbitratus
1081 3486 1208 3534 uersum
1232 3471 1292 3534 488
1317 3467 1416 3533 intac-

270 3561 336 3633 tum
358 3565 471 3647 reliqui
482 3564 514 3645 ¹).

356 3667 413 3734 Set
429 3668 633 3733 memorabile
649 3674 755 3734 autem
772 3676 830 3754 est,
853 3669 935 3736 sicut
948 3669 982 3734 in
997 3670 1054 3736 illa
1075 3689 1200 3752 scaena,
1224 3689 1319 3755 quam
1342 3676 1418 3737 ante

185 3758 188 3765 ’
270 3771 354 3837 hene
369 3766 623 3853 explanauimus‚
645 3768 690 3832 ita
705 3771 737 3834 in
753 3769 813 3838 hoc
832 3791 957 3854 quoque
978 3771 1049 3837 loco
1072 3772 1265 3854 argumentis
1289 3771 1419 3838 aliunde

290 4025 294 4030 .
360 3989 381 4049 1)
401 3983 441 4038 ef.
464 3981 641 4038 Ritachelium
664 3983 762 4052 Opusc.
782 3986 835 4040 uol.
854 3986 880 4039 Il
898 4004 924 4055 p.
944 3991 1000 4042 898.
1037 3985 1160 4040 Ceterum
1184 3987 1269 4043 simile
1291 3987 1420 4056 loquendi

271 4081 357 4134 genus
375 4067 506 4122 habemus
524 4067 552 4120 in
571 4083 597 4123 u.
617 4072 675 4135 551,
694 4068 728 4122 ad
746 4073 950 4125 retractatorem
967 4071 1013 4125 illo
1033 4085 1139 4141 quoque
1156 4071 1305 4126 referendo.

782 4290 795 4316 Ι
