3080 4748
262 290 303 354 98
661 289 838 345 Gualtlrarius
857 286 1028 343 Brachmann

350 461 475 530 Deinde
498 461 722 548 grammaticos
744 458 897 526 credibile
919 465 967 526 est
987 458 1047 524 has
1069 458 1211 542 singulas
1237 459 1428 525 sententias

264 588 304 632 ex
328 565 401 632 aliis
423 563 540 632 fabulis
562 563 669 631 nescio
693 562 808 644 quibus
830 560 948 645 petitas
970 559 1190 642 exemplorum
1218 560 1323 627 instar
1350 581 1428 627 con-

263 666 419 750 tulisse¹):

365 779 562 837 Miltiaotorem
580 780 667 836 amitti
685 779 791 842 satiust,
809 781 889 846 qutm
908 775 1024 846 relinqui
1042 775 1195 832 benificum.
1214 808 1247 816 —
1376 783 1427 832 395

369 847 445 922 illum
462 867 612 922 laudabunt
629 864 704 919 boni:
725 863 798 917 hune
816 862 896 916 etium
915 860 967 930 ipsi
985 861 1134 930 culpabunt
1150 861 1223 916 mali.
1242 893 1276 901 -
1376 867 1427 916 391

365 949 438 1007 (idue
456 951 493 1005 sis
513 955 539 1004 tc
557 945 684 1018 seperire
704 963 809 1002 seruom
828 945 889 1002 stris
907 944 1033 1000 faciundo
1052 945 1129 1000 bene.
1148 977 1181 984 —
1374 951 1426 1001 402

330 1061 635 1174 .l‹tu⁰335e²;12.lmem
653 1122 783 1166 littsolrettor
801 1123 877 1176 0121480·
892 1120 912 1163 Π
923 1133 946 1174 1³·
955 1121 1003 1164 ὅθ’
1034 1117 1145 1163 ¹⁰⁰¹⁸¹⁰⁶¹·
1164 1121 1224 1170 ‘ibri'
1243 1123 1320 1164 edm*
1342 1134 1425 1165 ww

330 1205 395 1248 quens
413 1199 460 1234 erut
479 1192 545 1234 etium
564 1189 682 1234 beuilloum
700 1191 793 1234 enitere
810 1203 851 1244 pro
869 1189 941 1234 bonel.
965 1184 970 1250 Ι
996 1185 1054 1236 397.
1074 1189 1134 1232 illum
1226 1191 1269 1233 hoo
1288 1203 1338 1232 enm
1360 1190 1427 1233 literis

331 1262 403 1304 ilco-m,
422 1259 475 1302 illud
486 1292 491 1304 .
503 1289 508 1301 .
519 1288 525 1302 .
537 1291 542 1304 .
553 1260 595 1303 hoc
613 1260 660 1302 Uss.

305 1375 389 1439 Nam
413 1391 496 1454 quae
519 1377 639 1438 restant

365 1489 466 1557 Iustus,
484 1487 614 1544 iniustus:
634 1487 776 1556 malignus,
794 1487 899 1555 largus:
919 1485 1083 1550 commodus,
1101 1485 1296 1552 incommodus,
1370 1492 1422 1540 401

263 1610 474 1678 certissimum
491 1609 633 1677 estnihil
648 1606 737 1674 aliud
755 1626 825 1674 esse
848 1626 944 1687 quam
965 1604 1161 1672 inconditam
1182 1606 1423 1687 glossematum

264 1712 406 1794 turbam,
436 1730 532 1793 quam
555 1707 727 1776 adseiuerit
748 1727 857 1773 uersus
880 1711 942 1771 400
965 1708 1067 1772 altera
1097 1727 1188 1792 pars3
1218 1726 1421 1792 operamque

262 1813 468 1898 perdiderunt
486 1831 538 1877 me
560 1809 676 1888 iudice,
699 1809 754 1888 qui
775 1807 850 1872 huie
871 1808 977 1874 uersui
1001 1799 1133 1893 ἀμέτρῳ
1156 1828 1341 1878 succurrere
1365 1831 1420 1876 co·

263 1915 330 1980 nati
352 1911 468 1991 sunto.

347 2009 515 2080 Audaeula
536 2009 699 2079 uidebitur
719 2009 782 2076 ista
804 2008 884 2075 ratio
914 2008 1154 2096 difficultatum,
1179 2029 1263 2093 quae
1293 2013 1419 2077 multae

262 2116 403 2199 satisque
425 2133 540 2200 graues
562 2113 669 2180 insunt
693 2111 727 2177 in
756 2112 930 2195 hocloco,
961 2110 1242 2196 expediendorum.
1287 2112 1331 2178 At
1360 2113 1418 2178 uix

262 2237 342 2304 opus
364 2222 413 2285 est
434 2215 560 2284 disertis
583 2213 689 2282 uerbis
712 2213 876 2280 declarare
898 2233 961 2279 non
984 2219 1104 2279 certam
1129 2213 1212 2280 hanc
1239 2233 1311 2281 esse
1343 2235 1416 2282 oon-

262 2321 426 2401 ieeturam‚
448 2317 506 2385 sed
521 2317 735 2401 suspicionem
751 2313 847 2379 ualde
862 2312 1002 2380 dubiam.
1040 2314 1116 2381 Fert
1136 2315 1219 2381 enim
1242 2315 1338 2382 huius
1361 2335 1416 2402 ge·

352 2504 373 2564 l)
391 2496 486 2566 Neque
504 2497 574 2550 enim
592 2496 620 2550 in
638 2499 715 2549 tauta
733 2499 854 2549 ueterum
871 2494 1026 2550 fabularum
1049 2497 1154 2553 iactura
1177 2497 1350 2553 saeculorum
1368 2499 1415 2552 dc·

263 2597 344 2636 cursu
358 2583 498 2636 contracta
512 2580 684 2636 coniecturae
695 2580 743 2646 illi,
762 2594 832 2648 quae
846 2585 952 2634 constat
964 2579 1086 2635 locorum
1099 2582 1291 2650 parallelorum
1307 2581 1415 2650 fraude,

263 2683 294 2721 eo
314 2666 460 2734 abrogatur
485 2665 566 2731 fides,
590 2666 664 2734 quod
687 2664 810 2733 saepius,
836 2679 916 2733 quam
939 2655 1130 2732 glossematum
1153 2665 1241 2720 fontes
1266 2666 1416 2721 etiamnum

263 2751 368 2807 ostendi
380 2756 502 2820 possunt,
515 2749 617 2820 pridem
628 2765 674 2804 eos
687 2750 833 2820 deperiisse
842 2749 966 2805 conicere
979 2752 1097 2817 oportet;
1113 2749 1147 2803 ef.
1157 2749 1262 2805 Ritseh.
1272 2750 1375 2820 Opusc.
1388 2750 1415 2804 ll
1524 2781 1525 2792 .

263 2853 289 2906 p.
309 2840 367 2890 289.
403 2836 528 2890 Ceterum
550 2849 660 2889 causam
683 2851 737 2889 nou
757 2836 836 2890 uideo
860 2833 960 2889 curin
984 2833 1035 2888 hoc
1058 2849 1155 2901 genere
1178 2835 1249 2890 inter
1271 2836 1414 2891 Plautinas
1524 2857 1525 2904 l

262 2921 369 2976 fabulas
388 2919 588 2974 consistendum
606 2920 642 2973 sit
659 2934 723 2984 nec,
749 2919 878 2988 siquidem
896 2919 929 2972 de
946 2919 1126 2974 litteratorum
1144 2919 1283 2974 hominum
1306 2920 1413 2975 lusibus
1524 2924 1525 2994 ξ

263 3006 418 3072 cogitamus,
438 3003 547 3057 credere
558 3001 640 3055 liceat
652 3002 696 3054 uel
714 3002 748 3055 ad
766 3003 839 3070 ipsos
852 3001 1033 3056 Menandreos
1051 3003 1222 3072 reliquosque
1240 3019 1328 3060 nouae
1340 3007 1413 3060 Atti·
1524 3041 1525 3068 .

263 3103 355 3141 corum
375 3084 526 3140 comoediae
544 3084 687 3138 thesauros
705 3099 751 3138 eos
769 3085 875 3138 adiisse.
910 3085 1010 3140 Contra
1029 3087 1099 3154 quod
1117 3103 1150 3141 ne
1171 3086 1330 3142 inferiorum
1354 3092 1413 3158 qui-

263 3170 323 3224 dem
340 3172 460 3223 aetatum
477 3166 606 3221 tarditate
625 3167 799 3222 consenuisse
816 3167 924 3222 uidetur
942 3169 1061 3224 studium
1079 3172 1228 3226 sententias
1251 3173 1414 3241 conligendi,

264 3259 357 3309 notum
375 3260 417 3307 est
434 3251 543 3307 Publilii
561 3250 621 3322 Syri
638 3265 706 3320 quae
724 3251 850 3305 feruntur
868 3255 1060 3310 sententiarum
1078 3256 1235 3325 exemplum.

348 3341 372 3402 2)
391 3337 432 3392 De
456 3337 565 3408 Bergkii
586 3335 735 3401 sententia,
760 3337 806 3404 qui
829 3336 926 3393 Philol.
945 3341 964 3392 t.
981 3339 1059 3394 XVII
1077 3356 1102 3408 p.
1117 3345 1148 3394 53
1168 3341 1273 3396 Veteris
1297 3342 1413 3409 primam

260 3437 369 3475 manum
388 3425 495 3476 secutus
514 3422 676 3477 adiectiuum
693 3419 828 3490 quoddam
847 3423 1024 3490 compositum
1041 3424 1286 3479 comiocommodus
1304 3426 1413 3482 confor-

261 3505 354 3571 mauit,
371 3505 575 3574 inspiciendum,
594 3507 665 3574 quod
676 3506 747 3561 idem
759 3505 794 3560 ad
806 3522 833 3560 u.
844 3509 891 3560 381
912 3507 945 3560 dc
957 3508 1127 3577 reprobanda
1138 3507 1225 3563 torma
1241 3509 1416 3582 perulifiqulr'

263 3590 330 3644 dixit
342 3587 437 3642 Diurn.
447 3590 529 3657 antiq.
539 3591 609 3645 stud.
620 3608 644 3645 a.
657 3595 720 3645 1850
736 3607 762 3659 p.
773 3594 832 3644 332.
860 3589 971 3644 Reiecta
983 3591 1030 3646 illu
1045 3593 1199 3649 coniectura
1212 3595 1239 3648 S.
1249 3595 1369 3662 Buggius
1383 3597 1413 3652 iu

263 3672 397 3743 Tidslcra'st
412 3672 462 3742 for
472 3671 611 3745 ΡΙιίΙοΙοςιιΙ
623 3692 658 3745 oq
668 3674 752 3730 Pacci.
772 3673 841 3729 t.v1
855 3679 888 3738 (a.
902 3677 975 3739 1865)
993 3693 1019 3744 p.
1036 3681 1097 3746 lsq.
1115 3680 1207 3744 comis,
1226 3679 1413 3735 incommodus

261 3758 376 3828 scripsit,
399 3756 534 3811 rationum
552 3759 724 3813 metricorum
741 3775 837 3829 parum
854 3765 963 3826 memor,
983 3775 1049 3827 quas
1068 3761 1232 3818 Ritschelius
1250 3763 1335 3830 praef.
1355 3764 1411 3820 llil.

262 3844 336 3898 Glor.
354 3859 380 3910 p.
393 3841 471 3896 XXll
489 3843 534 3908 (cf.
553 3841 713 3897 Muellerum
730 3843 864 3898 Addenda
882 3845 957 3899 Pros.
976 3844 1064 3899 Plaut.
1083 3862 1110 3915 p.
1129 3851 1157 3900 12
1168 3851 1235 3916 sqq.)
1258 3849 1410 3915 proposuit.

263 3925 357 3988 tristis,
376 3926 533 3982 commodus
550 3926 681 3996 praebent
699 3928 774 3982 editt.
807 3929 878 3983 Num
896 3928 1037 3984 Plautinus
1056 3929 1091 3984 sit
1109 3945 1203 3984 uersus
1223 3931 1329 3986 dubitat
1346 3931 1409 3988 Uss.

259 4010 286 4060 A
303 4010 472 4076 glossematis
490 4027 544 4066 non
562 4010 677 4065 liberum
696 4027 756 4066 esse
773 4013 875 4080 primus
897 4015 966 4068 uidit
984 4013 1105 4082 Guyetus
1124 4019 1161 4080 (u.
1172 4014 1276 4069 Ritseh.
1287 4015 1349 4078 ed).
