3092 4756
363 317 406 372 De
422 315 591 372 Bacchidum
607 315 751 372 Plautinae
770 320 962 408 retractatione
979 319 1112 376 scaenica.
1257 319 1320 382 179

247 489 355 570 Atque
370 489 416 556 uti
437 487 607 556 uniuersus
628 488 680 588 iric
702 488 801 572 locus,
823 489 855 556 in
878 508 941 572 quo
960 511 1090 576 operam
1113 492 1319 576 studiumque

163 590 425 675 consumpsimus,
448 595 558 658 natum
580 609 621 656 cx
643 590 715 675 ipsa
736 590 784 657 rei
805 591 914 658 indole
935 591 970 662 id
984 592 1084 660 habet
1099 592 1317 680 dubitationis,

161 700 206 777 ιιι,
230 693 286 779 qui
307 692 458 775 religiose
480 696 629 760 exerceat
650 698 751 758 artem
772 692 924 777 criticam,
946 693 977 760 ei
992 695 1157 779 perpensis
1171 698 1214 764 ab
1229 700 1315 765 omni

161 800 254 880 parte
275 793 513 879 probabilitatis
535 792 675 860 numeris
697 793 849 877 ambigua
869 787 977 861 tamen
998 815 1062 862 non
1083 815 1188 881 pauca
1201 798 1235 864 in
1250 819 1316 866 mc-

161 896 215 962 dio
238 895 448 978 relinquenda
470 894 548 962 sint:
570 895 617 961 ita
638 895 725 961 haud
746 895 937 978 mirandum,
959 896 988 962 si
1010 915 1093 979 quae
1116 901 1189 962 sunt
1210 917 1316 964 exem·
1347 978 1353 988 .

160 999 216 1083 pla
236 1017 316 1083 prae
337 996 453 1062 ceteris
474 997 521 1062 ita
542 1002 742 1080 comparata,
771 1004 807 1064 ιιι
828 997 871 1064 ad
894 1003 1014 1064 certum
1038 996 1199 1078 quendam
1221 998 1316 1066 finem

163 1099 263 1165 firmis
284 1097 482 1183 argumentis
504 1097 648 1181 quaestio
670 1097 802 1184 perduci
823 1105 971 1182 nequeat.

247 1202 362 1282 ltaque
384 1219 456 1266 cum
479 1205 659 1268 metuentes
680 1219 721 1266 ne
742 1200 934 1267 incertorum
955 1200 1153 1268 admixtione
1174 1201 1214 1268 iis
1237 1220 1313 1282 quo-

162 1322 224 1387 quc
246 1302 344 1370 fidem
366 1302 611 1386 abrogaremus,
633 1319 732 1383 quac,
754 1300 908 1366 siminus
931 1300 1200 1371 demonstratione
1222 1304 1314 1371 abso-

161 1405 240 1487 luta,
262 1411 296 1470 at
319 1408 405 1470 certe
426 1403 551 1470 ratione
580 1402 781 1484 aliquatenus
809 1400 953 1470 stabilita
974 1402 1170 1470 uiderentur:
1192 1410 1258 1470 tum
1279 1405 1315 1470 id

160 1505 270 1588 ueriti,
301 1524 342 1571 ne
363 1503 583 1570 immodestius
612 1510 768 1571 cresceret
795 1503 889 1570 huius
912 1502 1143 1570 dissertationis
1165 1506 1315 1586 ambitus,

162 1626 245 1688 quae
271 1606 396 1688 reliqua
424 1610 533 1673 essent
560 1624 643 1671 nuno
673 1604 802 1686 quidem
830 1606 864 1671 in
891 1604 1019 1674 schedis
1048 1605 1221 1673 retinentes
1248 1606 1314 1671 iam

161 1706 258 1774 finem
280 1707 386 1774 facere
409 1705 597 1791 disputandi
618 1705 719 1773 satius
742 1706 900 1774 duximus.

635 1977 838 1987 ——--.—

567 2209 838 2324 sxouusus
866 2211 897 2286 ι.

642 2359 677 2414 ad
690 2363 722 2427 ἐξ
736 2365 777 2416 24.
788 2364 829 2414 25.
955 2387 965 2394 -

161 2517 252 2568 Bacch.
262 2532 288 2566 u.
299 2518 348 2569 953
358 2531 425 2579 sqq.:
444 2515 493 2568 Ilio
511 2515 578 2565 tria
595 2514 671 2565 fuisse
690 2515 877 2579 enutritam,
897 2529 960 2578 quae
979 2515 1056 2566 exitid
1075 2514 1171 2566 forent:

444 2599 551 2664 Signum
569 2615 599 2650 ex
616 2614 673 2650 arce
691 2599 713 2648 st
730 2600 848 2664 perisset:
867 2599 975 2649 alterum
993 2603 1100 2650 autemst
1117 2602 1199 2654 Troili
1216 2621 1296 2656 mors:

440 2685 561 2746 Tertium,
580 2698 656 2746 quom
673 2683 760 2748 pdrtae
772 2683 900 2748 Phrygiae
918 2682 995 2732 limen
1013 2699 1131 2748 superum
1149 2687 1314 2737 scinderetur.

247 2919 461 3004 Cogitandum
476 2928 525 2988 ost
547 2919 738 3004 deiisfatis,
760 2940 842 3003 quae
853 2918 1001 2992 Heleni
1023 2920 1175 2988 indicio
1198 2921 1314 2989 Graeci

160 3027 397 3108 compererant:
435 3020 469 3087 id
498 3022 584 3105 quod
620 3021 759 3107 probant
787 3022 965 3089 Cononis
995 3022 1131 3088 Narrat.
1163 3023 1321 3087 XXXIV

160 3124 400 3208 (Mythograph.
423 3144 470 3208 gr.
487 3123 537 3192 ed.
551 3125 785 3192 Westermann.
807 3145 839 3210 p.
860 3124 933 3207 138)
955 3126 1051 3195 hacc:
1076 3121 1142 3204 Ὣς
1156 3124 1241 3211 μετὰ
1262 3151 1314 3192 τε·

159 3223 277 3311 λιοτὴν
301 3219 519 3312 Ἀλεξάνδρου
547 3227 607 3292 τοῦ
644 3224 797 3312 Πάριδος
820 3277 989 3294 ......
1011 3225 1094 3292 κατὰ
1125 3225 1315 3310 συμβουλὰς

158 3324 354 3407 Κάλχαντος
370 3325 403 3392 οἱ
417 3327 674 3414 πολιορκοῦντες
693 3334 817 3415 Τροίαν
831 3320 987 3412 Ἕλληνες
1009 3324 1094 3411 λόχῳ
1112 3319 1313 3392 τδνἝλενον

161 3425 449 3512 συλλαμβάνουσι·
475 3430 532 3494 καὶ
554 3479 691 3496 .....
723 3423 957 3494 ἀποκαλύπτει
979 3418 1092 3504 αὐτοῖς
1105 3419 1250 3511 Ἕλενος,
1267 3425 1314 3506 ὡς

160 3527 281 3614 ξυλίνῳ
304 3528 404 3622 ἵππῳ
426 3534 648 3617 πεπρωμένον
671 3528 761 3595 ἐστὶν
775 3523 879 3594 Ἴλιον
898 3522 1038 3610 ἁλῶναι,
1061 3531 1118 3597 καὶ
1139 3530 1176 3596 τδ
1201 3532 1315 3596 τελεα·

163 3643 269 3711 ταῖον,
294 3628 432 3696 ἐπειδὰν
450 3623 571 3713 Ἀχαιοὶ
582 3630 712 3714 λάβωσι
730 3626 766 3695 τὸ
781 3627 935 3706 διοπετὲς
945 3620 1094 3719 Ἀθηνᾶς
1115 3630 1314 3714 παλλάδιον,

159 3733 297 3797 πολλῶν
316 3725 422 3798 δντων
440 3730 477 3798 τδ
503 3729 733 3825 σμικρότατον.
770 3731 964 3799 στέλλονται
985 3719 1042 3799 οὖν
1065 3730 1123 3798 ἐπὶ
1144 3734 1184 3817 τῇ
1205 3733 1315 3820 κλοπῇ

159 3836 219 3899 τοῦ
248 3832 447 3900 Παλλαδίου
477 3830 651 3919 Διομήδης
678 3834 733 3897 καλ
758 3824 936 3910 Ὀδυσσεύς
958 3884 966 3899 .
990 3883 998 3899 .
1022 3883 1031 3898 .
1054 3883 1062 3898 .
1086 3829 1095 3898 ’.
1137 3833 1241 3901 Adde·
1255 3833 1313 3901 So·

161 3936 267 4017 phocl.
296 3934 432 4002 Philoct.
458 3957 488 4003 u.
512 3937 691 4000 uos—614.
717 3937 925 4002 1337-1342
955 3940 987 4002 et
1014 3933 1053 4002 cf.
1076 3935 1252 4002 Prellerum
1280 3936 1314 4001 in

160 4035 338 4122 Μριλοιορ.
360 4059 410 4121 pr.
434 4059 465 4122 p.
489 4042 550 4104 443
573 4035 637 4105 uol.
659 4037 701 4103 II.
741 4037 825 4105 Nam
847 4053 1005 4119 quaenam
1033 4035 1151 4188 ιιιρρὶιιι
1180 4042 1212 4104 ct
1234 4042 1312 4120 quot

1060 4139 1071 4187 1
