3080 4748
257 347 316 408 104
645 345 820 402 Gualtbarius
839 344 1010 420 Brachmann

256 519 353 586 tinam
377 523 611 601 tractandum,
634 524 690 584 ant
711 516 772 584 hoe
794 518 864 584 loco
887 516 1031 600 geminos
1053 517 1118 598 legi
1140 535 1252 583 uersus
1274 519 1402 586 omnino

255 642 316 688 non
333 625 508 702 senserunt,
531 627 586 685 aut
602 621 743 688 consulto
764 637 876 686 manns
899 637 919 682 a
940 617 1085 684 uersibus
1108 618 1308 704 expellendis
1331 621 1402 686 abs-

255 723 392 790 tinentes
403 723 482 790 satis
498 722 677 790 habuerunt
690 719 903 804 antisigmatis
917 725 994 786 nota
1009 739 1065 788 eos
1083 720 1288 803 distinguere.
1320 723 1404 787 Nam

253 844 294 890 ex
316 826 387 909 ipsa
407 824 597 907 antiquitate
619 821 810 908 repetendos
832 841 902 888 esse
924 843 954 887 u.
977 825 1158 886 937—9-10
1189 823 1244 888 uix
1265 841 1402 904 negaue-

253 927 311 993 rim
325 929 363 1008 ¹):
386 946 579 1010 quamquam
602 925 643 990 ab
666 924 736 1008 ipso
753 925 865 990 Plauto
884 923 1077 1008 compositos
1099 943 1169 990 esse
1192 926 1245 991 nel
1267 925 1328 990 hos
1352 927 1404 992 nel

254 1028 429 1110 quemlibet
450 1048 574 1109 eorum,
598 1044 678 1107 quos
700 1025 858 1108 expressi,
889 1044 971 1107 nego
994 1043 1091 1106 quam
1113 1027 1268 1092 maxime.¹
1306 1026 1404 1093 Ouios

253 1131 299 1197 rai
322 1135 509 1212 argumenta
530 1129 594 1192 iam
617 1128 768 1212 aperiam.
805 1125 934 1207 Omitto,
958 1126 1042 1208 quod
1058 1146 1162 1208 neque
1177 1147 1227 1193 nu.
1245 1130 1404 1195 937-40.

254 1233 422 1295 ese-952
445 1247 548 1310 neque
571 1229 702 1294 alterius
724 1227 918 1294 recensionis
943 1247 994 1293 uu.
1017 1231 1164 1294 961-65
1189 1229 1329 1295 Plautini
1360 1232 1404 1296 in·

253 1331 338 1414 genii
354 1330 525 1396 ostendunt
539 1329 689 1414 uestigia3
712 1328 745 1393 id
763 1327 848 1410 quod
864 1348 926 1394 non
949 1328 990 1393 de
1013 1330 1152 1394 numeris
1175 1329 1295 1396 dietum
1318 1334 1404 1416 uolo,

254 1431 308 1515 qui
330 1432 408 1498 satis
427 1431 593 1500 commode
610 1430 787 1514 decurrunt,
810 1429 867 1496 sed
891 1429 976 1511 quod
997 1430 1030 1494 in
1053 1429 1123 1514 ipso
1147 1451 1291 1500 sermone
1314 1435 1404 1500 inue-

253 1535 336 1600 nitur
351 1553 409 1618 pro
425 1534 580 1600 concinna
594 1533 700 1600 Plauti
720 1538 884 1599 uenustate
907 1529 1002 1596 modo
1025 1536 1119 1598 tenne
1142 1531 1305 1614 quoddam
1330 1556 1403 1602 enu-

253 1636 397 1703 merandi
412 1655 513 1722 genus
528 1634 622 1701 modo
638 1632 791 1718 languida
801 1633 978 1698 uerbositas
993 1632 1026 1698 in
1042 1633 1271 1716 comparando:
1290 1638 1404 1704 omitto

252 1739 286 1803 id
302 1757 437 1820 quoque,
461 1736 545 1818 quod
566 1735 596 1798 in
619 1734 740 1799 salibus
763 1734 842 1798 nihil
864 1734 947 1800 inest
963 1734 1182 1800 Plautinarum
1204 1735 1405 1824 facetiarum,

252 1839 348 1905 immo
366 1841 500 1921 languor
523 1834 652 1918 quidam
675 1841 708 1900 et
729 1835 830 1916 frigus
851 1834 994 1918 inprimis
1016 1835 1161 1902 uersibus
1185 1839 1246 1900 939
1258 1857 1306 1921 sq.
1332 1859 1403 1906 con·

252 1940 411 2023 spicuum,
441 1940 516 2005 licet
538 1939 636 2004 multo
666 1936 761 2004 etiam
793 1943 954 2020 praestent
981 1937 1109 2003 illorum
1140 1955 1218 2018 quos
1249 1941 1405 2007 cancellis

252 2040 436 2106 inclusimus
459 2039 646 2107 insulsitati:
669 2040 772 2123 ipsum
795 2042 1068 2118 argumentum
1090 2040 1183 2106 huius
1204 2041 1265 2106 loci
1285 2062 1307 2106 a
1330 2042 1404 2110 reli-

253 2142 308 2225 qui
330 2141 445 2208 cantici
467 2141 575 2209 indole
597 2161 635 2206 ac
658 2139 886 2224 compositione
909 2139 1094 2223 longissime
1116 2141 1216 2208 abest.

337 2244 478 2327 Etenim,
501 2244 528 2310 si
552 2242 629 2325 quid
650 2242 761 2325 uideo,
787 2246 842 2307 aut
864 2241 959 2307 totius
982 2243 1229 2326 comparationis
1251 2249 1405 2311 constans

251 2347 333 2411 ratio
355 2348 443 2412 nulla
465 2353 527 2429 est,
558 2350 628 2426 aut,
659 2341 816 2424 siquidem
838 2341 873 2406 id
895 2342 1060 2409 consilium
1087 2344 1201 2410 inierat
1230 2349 1345 2429 poeta,
1370 2353 1406 2412 ut
1523 2359 1524 2364 ’

251 2466 314 2512 una
336 2446 483 2528 Chrysali
505 2464 642 2528 persona
664 2441 947 2524 comprehenderet
969 2442 1124 2528 quidquid
1154 2451 1239 2512 esset
1260 2447 1404 2516 Achaeis

251 2547 321 2630 opis
336 2566 375 2611 ac
389 2546 521 2629 roboris,
546 2543 701 2629 quidquid
718 2541 856 2609 inuictae
871 2547 1085 2627 praestantiae
1101 2567 1139 2612 ac
1156 2548 1282 2613 uirtutis
1306 2550 1404 2618 claris

250 2647 444 2715 facinoribus
467 2647 684 2715 enitescentis:
712 2665 763 2712 res
786 2648 855 2712 sola
877 2647 1053 2730 spectanda
1078 2647 1227 2730 omnique
1255 2651 1403 2733 appella·

251 2749 336 2816 tione
359 2771 377 2817 e
400 2750 534 2834 singulis
555 2751 748 2818 Graecorum
772 2748 921 2815 heroibus
943 2755 1045 2814 tracta
1067 2749 1289 2816 abstinendum
1314 2762 1401 2836 erat;

249 2873 354 2936 nequo
369 2874 421 2920 ars
436 2852 636 2936 admittebat,
658 2859 693 2918 ut
707 2852 744 2935 is,
769 2851 819 2916 oui
836 2852 888 2916 uni
911 2855 942 2916 et
958 2849 1096 2915 Palladii
1118 2858 1227 2935 raptus
1250 2858 1283 2917 et
1296 2853 1404 2920 Troili

250 2955 366 3022 caedes
381 2963 414 3020 et
432 2956 530 3021 totius
553 2954 662 3038 oppidi
678 2951 802 3018 obsidio
826 2956 922 3032 atque
945 2954 1140 3035 expugnatio
1162 2952 1280 3018 tributa
1302 2963 1401 3040 essct,

229 3056 428 3122 [intermisso
451 3053 608 3119 interdum
633 3053 775 3135 generali
797 3053 853 3117 illo
876 3051 1081 3136 comparandi
1104 3074 1220 3138 genere
1246 3055 1304 3120 snb
1333 3058 1401 3123 sin·

249 3156 352 3239 gulari
374 3162 429 3220 ant
448 3153 553 3220 Ulixis
576 3158 631 3218 aut
645 3152 894 3236 Agamemnonis
916 3159 979 3235 aut,
1002 3154 1030 3219 si
1054 3152 1103 3220 dis
1125 3157 1239 3240 placet,
1262 3155 1403 3226 Achillis

250 3253 382 3342 (quippe
405 3255 459 3338 qui
485 3253 681 3339 oppressisse
710 3253 853 3337 proditur
876 3254 1032 3338 Troilum)
1063 3257 1202 3336 imagine
1230 3256 1400 3343 intellege·
1523 3345 1524 3350 ἵ

250 3366 343 3424 retur.
378 3359 466 3424 Nihil
482 3367 588 3425 tamen
610 3354 816 3441 impediebat,
840 3356 1007 3437 quominus
1024 3357 1198 3425 Nicobulus
1220 3357 1401 3427 ludibunde

250 3480 290 3526 ex
305 3459 432 3525 Priamo
456 3478 629 3541 aurumque
652 3459 720 3525 eius
743 3478 785 3523 ex
802 3457 861 3524 Ilio
884 3478 998 3526 nornen
1020 3459 1186 3526 inueniret.
1223 3459 1269 3526 Eo
1292 3463 1400 3543 magis

249 3561 399 3628 uidelicet
412 3560 588 3628 imitatores
603 3581 654 3627 res
668 3560 741 3646 ipsa
753 3559 922 3642 inuitabat,
944 3565 980 3627 ut
999 3562 1166 3627 materiam
1188 3561 1278 3627 illam
1301 3563 1399 3630 latius

249 3661 384 3732 dicendo
406 3669 681 3746 prosequerentur,
707 3682 779 3729 cnm
800 3663 933 3729 Plautus
955 3663 1074 3747 primas
1097 3662 1192 3729 modo
1213 3663 1315 3729 lineas
1339 3663 1397 3730 du-

248 3767 336 3835 xisse
355 3765 530 3834 uideretur:
554 3782 574 3826 a
595 3781 742 3829 uersuum
764 3768 825 3829 933
842 3770 874 3830 et
889 3766 949 3829 973
974 3765 1069 3848 igitur
1091 3765 1238 3849 exemplo
1261 3767 1398 3847 proiecti

336 3918 358 3980 1)
376 3913 474 3969 Similis
486 3913 524 3966 rei
536 3912 704 3967 luculentum
717 3915 866 3982 exemplum
884 3915 964 3984 idque
981 3916 1016 3969 ab
1035 3914 1173 3968 acerrimis
1191 3914 1287 3968 harum
1304 3929 1397 3970 rerum

248 3997 355 4051 arbitris
367 3997 512 4064 probatum
523 3997 689 4052 subditiuum
701 3995 785 4053 habes
795 3999 912 4053 Andriae
925 3998 1102 4054 Terentianae
1115 3998 1215 4053 exitum
1227 3998 1281 4068 qui,
1299 4013 1394 4069 quam-

249 4082 291 4136 uis
309 4082 441 4146 uetustus,
459 4082 487 4135 in
505 4081 646 4137 deterioris
665 4085 770 4134 tantum
788 4086 869 4135 notae
887 4081 962 4137 libris
980 4082 1105 4137 traditur.
