3080 4748
239 231 280 295 88
642 229 818 286 Gualtbarius
837 229 1009 286 Brachmann

237 408 340 498 possit
363 439 400 450 —
426 422 501 469 nam
517 402 617 468 multa
636 403 698 470 hcc
718 403 752 470 in
775 399 891 488 'genere
914 401 1023 484 aliqua
1044 421 1085 468 ex
1107 408 1198 487 parte
1221 401 1331 468 dubia
1357 423 1411 470 re-

239 505 416 593 linquenda
435 521 506 570 ease
530 503 674 587 quisquis
695 504 765 590 lpse
787 503 987 570 discernendi
1008 504 1183 589 periculum
1205 505 1326 571 lecerit
1354 527 1414 572 co-

238 611 370 700 gnoscet
394 643 432 654 —-
456 605 624 672 restituere
646 625 810 690 conemur,
841 603 936 687 quid
958 605 1005 671 ab
1031 605 1120 690 ipso
1143 606 1288 672 Plauto
1326 626 1414 674 eon-

240 715 342 782 ditum
364 727 436 775 esse
462 706 639 791 quidque
661 710 970 773 retractatorem
1000 706 1129 774 tabulae
1152 713 1318 775 auctorem
1348 708 1415 775 ha-

241 818 317 884 bero
339 809 507 900 probabile
528 807 577 874 sit.

327 917 412 983 Nam
435 931 506 978 cum
528 907 653 993 experti
676 907 774 973 simus
797 927 838 974 ex
860 907 1056 993 singulorum
1080 909 1208 976 demum
1231 913 1414 996 exemplo-

160 1049 164 1062 ·
242 1043 312 1088 rum
334 1012 510 1082 rationibus
534 1029 629 1094 qnam
654 1009 892 1076 accuratissime
922 1009 1131 1078 consideratis
1161 1022 1281 1080 certam
1311 1034 1414 1080 eom-

243 1118 350 1210 parari
365 1113 460 1202 posse
475 1111 619 1180 notitiam
638 1110 701 1178 loci
721 1110 817 1193 illius,
841 1111 895 1196 qui
918 1118 1041 1180 constat
1063 1118 1148 1180 recte
1172 1114 1413 1182 existimandis

244 1223 443 1290 diuersorum
466 1213 696 1298 exemplarium
719 1211 917 1278 histricorum
941 1214 1099 1298 reliquiis,
1126 1218 1222 1297 atque
1245 1217 1412 1297 quoniam

244 1325 378 1411 apparet
399 1315 541 1398 singulas
556 1313 661 1380 Plauti
683 1314 809 1380 fabulas
832 1312 1082 1382 diuersissimam
1105 1317 1166 1382 hac
1188 1317 1220 1382 in
1243 1337 1278 1384 ro
1300 1318 1413 1386 fortu-

244 1435 318 1494 nam
342 1423 491 1506 expertas
513 1415 556 1484 ad
578 1423 719 1484 nostram
741 1422 879 1484 aetatem
902 1417 1100 1499 peruenisse:
1131 1437 1171 1483 ea
1192 1419 1246 1486 uia
1267 1441 1411 1505 progre-
1523 1441 1525 1468 ¹

245 1525 397 1596 diendum
420 1541 490 1588 esse
505 1538 692 1606 persuasum
715 1517 880 1600 babemus,
903 1523 938 1582 ut
959 1538 999 1584 ex
1022 1537 1213 1601 unaquaque
1231 1523 1413 1589 comoedia

247 1642 465 1716 quaecumque
488 1621 550 1686 huc
571 1627 716 1704 spectare
738 1617 907 1684 uideantur
929 1621 1076 1704 exempla
1105 1621 1240 1688 collecta
1270 1642 1408 1709 separa-

247 1733 304 1800 tim
326 1727 532 1811 explicentur.

332 1823 526 1895 Monendum
541 1826 647 1888 autem
663 1818 742 1886 mihi
764 1825 813 1886 est
836 1820 877 1886 ab
900 1819 994 1887 huius
1016 1822 1118 1889 libelli
1141 1823 1272 1890 consilio
1294 1842 1408 1909 segre

248 1937 342 2015 gates
363 1947 414 1993 me
442 1923 583 1991 uoluisse
612 1941 667 1988 eas
698 1921 916 2006 quaestiones,
946 1941 1029 2004 quae
1058 1929 1204 2009 spectant
1232 1924 1276 1990 ad
1303 1926 1408 1994 totius

249 2032 379 2100 fabulae
407 2024 687 2108 compositionem:
717 2023 846 2090 maius
874 2023 955 2091 illud
984 2024 1055 2093 dico
1085 2027 1408 2095 retractationis

249 2152 390 2222 genus,
420 2127 506 2213 quod
530 2126 657 2211 quidem
680 2147 755 2192 num
778 2127 905 2194 omnino
928 2127 960 2193 in
982 2125 1044 2192 bac
1064 2125 1176 2193 fabula
1197 2128 1407 2196 statuendum

250 2239 292 2303 sit
315 2252 418 2320 quoue
434 2231 571 2297 ualuerit
592 2234 727 2313 apparet
749 2225 964 2310 disputatione
986 2228 1112 2294 absolui
1134 2248 1197 2295 non
1221 2250 1318 2314 posse
1342 2231 1408 2298 nisi

250 2338 292 2403 ab
316 2355 370 2417 eo,
401 2331 455 2413 qui
481 2329 575 2395 simul
604 2327 645 2394 dc
675 2327 782 2393 multis
810 2327 915 2410 iisque
944 2327 1141 2397 difficillimis
1169 2330 1263 2398 rebus
1294 2332 1410 2400 dedita

251 2454 348 2521 opera
364 2432 521 2498 disserere
537 2427 750 2511 aggrediatur.
785 2430 927 2498 Pertinet
950 2431 1035 2498 enim
1057 2432 1119 2496 huc
1141 2433 1285 2516 quaestio
1309 2435 1408 2517 longe
1494 2497 1497 2504 .

250 2531 498 2612 mracatnsima,
516 2550 598 2612 quae
613 2535 663 2596 est
674 2529 715 2596 de
727 2531 892 2616 deperdito
908 2532 1037 2600 fabulae
1048 2533 1166 2618 capite;
1184 2537 1408 2617 quaerendum

252 2639 312 2705 erit
333 2636 374 2703 de
394 2633 609 2701 inconstantia
629 2632 695 2717 illa,
713 2653 760 2730 'ex
782 2653 846 2716 qua
866 2640 1080 2721 repugnantes
1100 2636 1182 2702 inter
1200 2656 1235 2702 se
1258 2637 1407 2721 singulae

251 2741 381 2811 fabulae
410 2744 519 2824 partes
544 2736 692 2803 laborare
721 2736 910 2820 quibusdam
939 2739 1028 2805 uisae
1055 2743 1144 2821 sunt3
1176 2739 1408 2825 quaerendum,

253 2843 332 2927 quid
348 2840 546 2929 potissimum
568 2838 737 2921 probabile
758 2838 800 2904 sit
822 2858 842 2903 a
863 2846 960 2922 poeta
975 2839 1098 2906 Graeco
1121 2839 1303 2922 sumpsisse,
1328 2843 1408 2925 quid

253 2965 311 3010 suo
327 2942 454 3025 ingenio
467 2937 618 3005 confisum
634 2937 738 3021 ipsum
750 2939 899 3004 Plautum
915 2938 1096 3025 addidisse;
1113 2947 1283 3025 postremo,
1298 2949 1408 3010 utrum

252 3062 348 3110 unam
371 3060 412 3106 an
436 3038 515 3104 duas
537 3036 631 3102 simul
654 3038 929 3104 contaminationis
951 3038 1084 3108 artifieio
1103 3041 1248 3108 adhibito
1264 3041 1410 3112 Graecas

253 3144 379 3212 fabulas
401 3144 528 3207 secutus
551 3136 606 3202 sit:
637 3154 719 3221 quae
742 3139 848 3204 omnia
869 3141 1063 3224 peculiarem
1093 3160 1228 3224 eamque
1251 3143 1338 3210 baud
1360 3154 1408 3214 te·
1523 3223 1524 3230 χ

255 3266 350 3326 nuem
372 3237 670 3310 commentationem
693 3238 753 3305 sibi
775 3243 938 3325 postulare
959 3242 1151 3310 uidebantur
1161 3242 1192 3327 ¹).

343 3482 367 3543 l)
385 3476 521 3544 Quantum
539 3473 624 3540 absit,
649 3481 680 3530 ut
697 3476 762 3531 huic
779 3475 819 3530 rei
836 3474 974 3531 sufficiant
996 3494 1066 3546 quae
1082 3479 1116 3534 Κ.
1135 3479 1168 3533 Η.
1188 3463 1341 3536 Weisius
1358 3497 1408 3536 ex·

255 3560 348 3635 posuit
370 3560 398 3614 in
421 3558 511 3612 libello
534 3557 587 3613 oo
608 3557 760 3616 Komodieu
783 3560 831 3614 des
853 3560 969 3616 Plautus
991 3563 1123 3633 inscripto
1148 3564 1255 3630 (emisso
1279 3582 1304 3621 a.
1331 3570 1408 3634 1866)

256 3666 283 3717 p.
297 3652 328 3702 47
339 3662 406 3716 sqq„
425 3643 546 3713 quisquis
559 3643 729 3698 examinandi
747 3661 808 3700 cum
825 3647 1001 3714 placitatum
1019 3655 1176 3718 argumenta
1194 3649 1251 3704 eius
1269 3650 1408 3719 negotium

257 3730 414 3800 susceperit,
431 3727 539 3797 penitus
557 3727 732 3796 perspexerit.
759 3729 959 3799 inspiciendum
977 3733 1068 3787 autam
1087 3734 1120 3789 de
1137 3733 1179 3788 bis
1198 3734 1321 3790 omnibus
1339 3736 1407 3805 prae

258 3815 355 3871 ceteris
373 3812 591 3870 dissertationum
608 3811 852 3869 Ritschelianarum
870 3831 932 3884 par:
952 3815 1245 3885 Porcrg.p.391-—42l
1266 3825 1293 3873 et
1305 3819 1406 3888 Opusc.

256 3899 283 3953 Π
300 3916 328 3968 p.
341 3901 487 3964 ton-3743
514 3897 610 3952 deinde
627 3896 795 3965 Ladewigius
819 3899 915 3955 Philol.
934 3903 954 3954 t.
967 3899 1046 3955 xvn
1063 3906 1234 3971 p.261sqq.,
1259 3903 1407 3962 Teuffelius

257 3983 328 4038 Mus.
343 3980 430 4035 Rhen.
448 3985 467 4033 t.
481 3980 546 4036 Vlll
563 3998 591 4052 p.
604 3985 636 4036 26
647 3997 699 4050 sq.,
724 3981 851 4036 Goetzius
869 3983 903 4038 de
921 3984 1028 4051 dittogr.
1047 4001 1074 4053 p.
1087 3990 1231 4042 tic-320.
1264 3988 1409 4046 Accedunt
