3080 4748
268 317 308 380 80
667 315 844 370 liualtharius
862 315 1033 371 Brachmaun

266 489 324 556 Fr.
348 486 566 554 Schmidtii
596 486 811 572 disputatione
838 485 1112 568 llnlcrsuodunpen
1139 486 1214 550 iiber
1243 487 1303 550 den
1325 487 1430 552 Miles

270 589 437 656 Gloriosus
459 589 513 652 oles
535 589 671 652 Plautus
700 589 867 673 inscripta,
897 608 979 670 quae
1008 589 1123 672 legitur
1151 588 1184 655 in
1206 588 1289 656 Nou.
1311 592 1428 656 annal.

267 693 377 779 philol.
392 691 496 776 suppl.
518 691 581 760 nol.
596 691 644 758 IX
666 712 696 775 p.
713 693 875 755 323-401
895 693 933 770 ¹):
963 696 1072 756 contra
1095 690 1137 768 id,
1165 691 1251 774 quod
1274 697 1429 758 uersatur

268 795 301 862 in
325 793 546 860 examinandis
569 790 802 860 retractationis
825 791 1000 858 minutioris
1023 790 1184 876 uestigiis,
1215 811 1278 858 non
1307 811 1427 875 parem

269 916 377 964 curam
400 903 566 980 expertum
589 901 646 961 est.
692 893 817 958 Etenim
840 910 944 977 neque
966 899 1066 958 artem
1097 892 1238 959 criticam
1269 911 1334 974 qua
1363 914 1428 977 par

270 1003 319 1066 est
340 996 620 1079 circumspectione
644 1013 791 1060 exercere
814 1012 917 1076 neque
940 993 1022 1060 inter
1045 995 1280 1080 dittographias
1302 1001 1426 1062 retrae-

269 1101 389 1166 tatione
404 1096 585 1162 fabularum
603 1093 749 1161 scaenica
771 1101 858 1162 ortas
881 1101 913 1161 et
934 1095 1007 1162 illos
1030 1115 1161 1180 pannos,
1185 1096 1301 1180 quibus
1323 1096 1425 1162 libra-

268 1202 386 1266 riorum
408 1197 751 1280 grammaticorumque
773 1196 840 1261 siue
864 1197 1037 1263 mediocria
1059 1199 1127 1265 siue
1149 1197 1263 1282 putida
1289 1197 1426 1280 ingenia
1533 1199 1534 1222 *

269 1301 367 1369 libros
389 1298 554 1365 Plautinos
577 1297 865 1383 amplificauerunt,
896 1299 1064 1365 discrimen
1087 1301 1165 1366 satis
1193 1306 1342 1367 accurate
1365 1302 1424 1368 ob·

269 1421 399 1470 seruare
426 1399 612 1466 Adolfum
636 1399 930 1485 Kiesslinginm
960 1400 1055 1468 uideo
1083 1402 1116 1466 in
1139 1401 1300 1464 Anolootis
1324 1401 1424 1464 Plou-

269 1505 357 1585 tinis,
390 1521 473 1586 quae
494 1503 659 1586 praemisit
680 1501 781 1568 Indici
810 1502 990 1568 scholarum
1020 1509 1097 1569 aest.
1122 1503 1426 1587 Gryphiswaldensi

270 1629 299 1675 a.
319 1610 409 1673 1878.
443 1605 509 1672 Ubi
524 1624 594 1671 cnm
617 1602 691 1670 duo
717 1602 1055 1670 exBacchidibns
1079 1606 1280 1689 exempla,
1304 1605 1424 1686 quibus

270 1709 443 1794 conspicua
466 1713 550 1771 essct
572 1707 750 1786 importuno
771 1703 957 1764 histrionum
980 1704 1121 1789 lioootio,
1145 1708 1365 1791 temptauerit:
1389 1708 1424 1772 in

271 1812 382 1890 altero,
406 1805 492 1888 quod
507 1803 685 1869 continetur
699 1802 903 1869 festinissimo
923 1805 979 1871 illo
995 1805 1142 1890 Chrysali
1165 1809 1287 1874 cantico
1310 1830 1341 1874 u.
1358 1813 1422 1874 925

270 1912 392 1991 -978,
418 1926 493 1972 num
515 1924 625 1969 nerum
648 1903 703 1969 ille
725 1905 896 1970 adsecutus
918 1905 958 1970 sit
982 1905 1092 1972 dedita
1114 1930 1211 1993 opera
1232 1918 1304 1993 post
1325 1930 1422 1992 quae-

270 2028 390 2077 remus:
414 2008 547 2072 alteram
563 2025 721 2090 scaenam,
744 2026 869 2073 summa
886 2016 954 2073 arte
974 2009 1146 2075 enitentem
1168 2011 1256 2076 illam
1281 2011 1422 2096 quidem,

270 2112 303 2178 in
320 2129 383 2196 qua
397 2109 503 2195 posita
518 2111 566 2173 est
582 2107 677 2174 totius
699 2110 828 2176 fabulae
850 2116 885 2177 ut
900 2111 1087 2177 Aristoteles
1111 2112 1187 2177 dicit
1209 2117 1421 2198 capradosso,

271 2215 313 2282 ab
336 2213 516 2280 hominibus
540 2213 642 2280 doctis
664 2212 752 2278 miris
774 2213 936 2294 uariisque
958 2214 1145 2278 commentis
1169 2213 1293 2295 pridem
1322 2237 1421 2282 uexa-

271 2325 352 2400 tam,
383 2317 536 2383 hocloco
560 2313 793 2379 -eximenda
822 2313 905 2379 enim
933 2333 1041 2380 rursus
1067 2321 1156 2380 este
1179 2322 1422 2384 retractaturum

268 2436 415 2499 numero,
449 2434 511 2495 quo
543 2414 674 2480 Osanno
704 2419 877 2498 praeeunte
907 2415 1120 2500 Kiesslingius
1151 2436 1319 2501 perperam
1348 2435 1422 2485 eam

268 2516 391 2582 rettulit
414 2551 454 2561 -
478 2514 588 2600 paucis
610 2515 705 2580 liceat
727 2515 902 2599 illustrare,
931 2516 959 2581 si
981 2519 1062 2583 forte
1084 2517 1153 2583 fieri
1175 2518 1291 2603 possit,
1322 2526 1355 2585 ut
1378 2521 1422 2587 ad

270 2637 342 2683 eam
364 2616 481 2683 rectius
504 2614 751 2700 intellegendam
773 2618 939 2700 paululum
962 2621 1168 2684 conferamus.

533 2863 538 2876 ⁸
566 2855 813 2938 Bacchidum
841 2873 1045 2958 specimen
1075 2873 1129 2938 111.

749 2996 795 3037 ro.
810 2993 839 3036 ιιι
858 3008 891 3038 ss.
907 2998 928 3037 ι.

355 3108 375 3184 ς
402 3109 447 3169 15.
486 3103 556 3170 Hoc
570 3103 597 3167 si
615 3110 701 3173 recte
723 3105 910 3190 intellegere
933 3108 982 3173 uis
997 3103 1183 3195 Mnesilochi
1206 3111 1420 3199 soliloquium,

270 3206 352 3272 haec
366 3204 429 3272 dno
444 3204 596 3289 primaria
610 3208 721 3271 teneas
739 3216 880 3292 oportet:
903 3211 1049 3296 primum,
1072 3212 1158 3293 qnod
1180 3212 1211 3277 in
1234 3216 1421 3298 perturbato

271 3307 408 3374 amantis
431 3307 537 3374 animo
559 3306 604 3372 ita
625 3307 854 3377 immoderatus
875 3312 1027 3394 pristinus
1049 3333 1138 3380 amor
1160 3334 1231 3380 cum
1257 3336 1342 3382 noua
1370 3337 1422 3384 su·

271 3409 413 3491 spicionc
433 3415 529 3489 atque
551 3409 599 3474 ira
622 3409 1029 3499 quodammodoconfligit,
1053 3421 1088 3481 ut
1108 3415 1178 3499 ipse
1198 3417 1232 3481 in
1254 3422 1422 3503 utramque

270 3508 406 3576 inuicem
421 3516 546 3592 partem
562 3511 679 3578 inuitus
694 3513 851 3597 rapiatur:
874 3501 950 3598 tum,
967 3516 1053 3598 quod
1068 3516 1142 3583 inde
1157 3538 1178 3583 a
1192 3538 1222 3583 u.
1240 3523 1311 3602 509,
1334 3527 1421 3605 post·
1487 3551 1493 3576 ι

272 3629 368 3694 quam
389 3609 459 3693 ipse
481 3614 701 3680 conturbatam
724 3622 859 3683 mentem
883 3616 926 3683 ad
955 3619 1110 3685 rationem
1138 3620 1317 3704 reuocauit,
1345 3620 1421 3704 iam,

361 3799 383 3859 1)
400 3792 600 3862 Longiuseulae
613 3799 846 3856 commentationis
859 3816 989 3856 summam
1000 3801 1084 3856 habes
1102 3817 1129 3871 p.
1143 3806 1200 3857 390.
1228 3802 1346 3858 Easdem
1364 3802 1421 3858 iere

272 3895 315 3934 res
332 3885 413 3934 antea
430 3881 631 3948 temptauerunt
642 3880 786 3938 Larentina
803 3884 830 3940 in
843 3885 1038 3956 prolegomenis
1058 3887 1248 3942 commentario
1266 3887 1294 3942 in
1306 3886 1421 3942 Militem

271 3963 399 4115 (ΘΙοιὲἸιῧιι).
418 3968 493 4101 18163)
510 3961 664 4102 praemissis
681 3981 708 4034 p.
723 3971 832 4034 tit-44,
850 3965 932 4040 atque
949 3969 1040 4025 itidem
1053 3969 1163 4026 Brixiae
1177 3971 1262 4042 prael.
1275 3972 1330 4026 Mil.
1346 3971 1419 4027 Glor.

281 4053 327 4102 ar
410 4061 437 4116 p.
481 4078 513 4090 -
532 4055 556 4102 ι.
