3080 4748
264 361 324 420 114
653 355 827 412 Gualtbarius
845 353 1019 409 Brachmann

262 533 336 600 dem
351 547 487 598 scaenae
502 527 647 612 partibus
661 525 900 610 iungendarum,
924 525 1052 605 qualem
1068 522 1205 590 uoluerit
1221 527 1406 590 retractator

261 631 339 715 fieri,
362 629 534 698 admodum
549 628 706 696 lubricum
721 646 791 694 esse
807 629 956 711 expertus
971 646 1050 693 sum.
1088 624 1195 703 Quare
1216 624 1319 691 sicubi
1340 646 1406 691 uer-

262 733 379 802 siculos
401 729 558 814 quosdam
580 737 615 796 ut
637 745 860 796 communes
885 726 1011 808 utrique
1040 726 1217 811 exemplari
1246 733 1407 809 notanerc,

262 835 342 902 nihil
365 831 452 900 aliud
475 829 685 917 significatum
708 847 778 896 esse
800 827 895 910 scito,
926 847 1021 909 quam
1044 828 1128 894 ultra
1154 828 1229 894 illos
1259 833 1407 894 retracta-

263 935 359 1004 tionis
377 935 482 1001 sactae
504 951 587 998 nnnc
609 929 737 1013 quidem
759 949 863 1011 neque
884 928 1054 1012 uestigium
1076 949 1181 1012 neque
1203 949 1332 996 causam
1355 951 1408 1014 ap·
1525 1011 1526 1016 ἵ

263 1056 388 1124 parcre,
409 1035 455 1100 ita
476 1040 511 1099 ut
533 1032 669 1099 traditae
691 1031 865 1117 scripturae
888 1029 1030 1098 condicio
1052 1050 1110 1114 per
1131 1051 1166 1098 se
1188 1036 1334 1116 spectata
1355 1030 1408 1096 ad·

264 1142 379 1206 ducere
394 1154 451 1201 nos
467 1134 621 1216 uideatur,
645 1140 680 1199 ut
694 1134 859 1200 credamus
881 1133 964 1198 intra
981 1131 1054 1198 illos
1077 1136 1315 1200 retractatorem
1339 1152 1408 1198 con-

264 1239 392 1306 stitisse.
436 1233 570 1302 Etiamsi
593 1234 678 1301 onim
699 1235 859 1301 nonnullis
888 1233 965 1298 locis
993 1233 1143 1300 uniuersa
1169 1233 1296 1318 generis
1324 1231 1410 1297 illius

264 1338 390 1405 indoles
412 1356 451 1402 ac
479 1341 594 1403 natura
621 1334 674 1400 uel
703 1336 842 1402 maxime
871 1331 1072 1400 commendat
1100 1334 1291 1400 contrarium
1319 1332 1410 1415 illud,

187 1485 188 1490 ,
265 1441 361 1507 latius
376 1455 488 1506 reuera
502 1436 579 1504 olim
602 1441 770 1520 euagatam
793 1456 863 1504 esse
884 1434 1024 1502 nouandi
1046 1435 1207 1502 histrieam
1229 1434 1411 1500 libidinem:

265 1561 317 1608 ars
331 1545 439 1607 tamen
454 1538 487 1605 in
507 1539 568 1604 hac
590 1537 757 1604 minutiore
778 1539 947 1604 uniuersae
970 1535 1164 1617 quaestionis
1185 1543 1276 1619 parte
1297 1534 1331 1599 id
1354 1535 1411 1602 im·

264 1659 383 1726 ponere
412 1639 581 1705 uidebatur
608 1637 823 1721 necessitatis,
852 1644 887 1704 nt
913 1637 1128 1704 indicarentur
1155 1637 1298 1720 termini,
1328 1638 1414 1702 intra

266 1761 345 1824 quos
367 1741 579 1806 contineretur
601 1738 895 1804 demonstratio
917 1739 1003 1804 illius
1018 1739 1065 1805 rei
1079 1759 1161 1805 nnnc
1177 1737 1304 1821 quidem
1319 1739 1414 1805 nobis

264 1843 428 1928 permissa.

349 1941 446 2006 Hisce
468 1959 544 2004 uero
572 1955 654 2020 quae
684 1939 917 2023 disputauimus
946 1940 1026 2007 illud
1057 1946 1184 2007 cautum
1212 1959 1282 2007 esse
1312 1941 1412 2006 uolui-

265 2063 344 2126 mus,
367 2039 502 2123 nequis,
526 2041 581 2106 ubi
595 2041 628 2106 in
646 2040 791 2107 uersibus
813 2041 1012 2124 quibusdam,
1037 2061 1116 2125 quos
1138 2041 1336 2108 retractatori
1359 2042 1414 2107 tri·

267 2143 410 2213 buendos
434 2161 628 2226 censeamus,
652 2163 749 2210 causa
764 2144 993 2224 consiliumque
1015 2143 1207 2210 retractandi
1228 2141 1322 2209 nobis
1345 2145 1413 2224 qui-

267 2246 339 2312 dem
355 2266 417 2311 non
433 2243 626 2329 apparuerit,
649 2245 711 2310 hac
725 2265 761 2311 re
774 2244 835 2329 ipsi
854 2246 1054 2311 coniecturae
1076 2244 1124 2310 illi
1145 2243 1241 2311 fidem
1264 2244 1417 2326 abrogari

267 2347 362 2413 dicat.
397 2346 438 2410 Vt
453 2346 599 2428 exemplo
614 2347 727 2428 iungar
741 2346 805 2410 iarn
828 2345 974 2411 omnibus
995 2346 1146 2430 probato:
1167 2345 1201 2409 in
1223 2345 1293 2411 loco
1315 2344 1373 2411 illo
1399 2367 1416 2412 e

267 2444 409 2511 Poenulo
421 2441 599 2525 desumpto,
616 2463 710 2526 quern
721 2444 871 2511 Gostzius
882 2447 1154 2513 commentationis
1166 2465 1243 2512 suae
1254 2467 1284 2530 p.
1298 2449 1418 2529 252sq.

267 2544 415 2611 tractauit
438 2541 496 2625 (IV
511 2545 540 2624 2,
557 2544 729 2629 95-107),
753 2546 903 2613 ostendas
924 2546 1031 2632 uelim,
1056 2567 1119 2631 qua
1133 2568 1167 2614 re
1184 2553 1346 2632 permotus
1369 2570 1418 2615 re-

267 2649 418 2712 tractator
440 2668 460 2712 a
482 2646 637 2714 Plautinis
659 2647 766 2714 uerbis
789 2649 962 2716 recesserit.
1007 2651 1155 2715 Attamen
1185 2649 1256 2731 quis
1284 2647 1421 2714 audebit

267 2747 334 2814 illic
354 2748 460 2834 ipsam
484 2750 524 2818 de
553 2751 776 2818 retractatione
806 2751 1018 2818 coniecturam
1045 2749 1077 2814 in
1108 2749 1339 2816 dubitationem
1360 2772 1417 2820 uo·
1525 2773 1526 2846 l

270 2851 364 2917 carc?
400 2852 514 2935 Itaque
529 2858 669 2919 nostrum
686 2859 754 2919 erat
776 2851 895 2918 tradita
917 2849 1069 2918 acerrime
1092 2851 1277 2917 examinare
1299 2872 1339 2918 ac
1360 2874 1419 2921 no·
1525 2877 1526 2918 1

268 2953 343 3016 tatis
366 2951 421 3035 iis,
451 2973 533 3034 quae
555 2959 610 3018 aut
631 2954 745 3019 Plauto
767 2972 879 3037 parum
902 2951 998 3034 digna
1022 2971 1091 3018 esse
1112 2958 1168 3017 aut
1191 2972 1261 3018 cum
1284 2954 1419 3036 reliquis
1525 2993 1526 2998 κ

269 3071 332 3114 non
348 3051 427 3116 satis
442 3052 610 3117 conuenire
625 3050 817 3133 uiderentur,
841 3071 1004 3136 quaerere,
1027 3058 1130 3118 utrum
1149 3074 1170 3118 a
1191 3055 1420 3122 retractatione
1525 3067 1526 3116 4

269 3149 416 3214 scaenica
438 3169 479 3214 an
502 3169 522 3215 a
543 3151 745 3234 glossematis
762 3152 1037 3235 interpolatorisue
1059 3153 1238 3220 insulsitate
1260 3154 1419 3238 originem
1525 3131 1526 3160 ¹

265 3250 323 3316 illa
346 3249 462 3317 ducere
484 3250 636 3317 credibile
659 3258 752 3318 esset.
789 3239 961 3322 Sicubi'de
983 3254 1084 3339 ipsius
1106 3255 1320 3321 retractatoris
1343 3276 1418 3324 oon·

267 3352 338 3418 silio
367 3352 527 3437 totiusque
555 3372 691 3421 scaenae
719 3353 751 3420 in
780 3361 950 3426 retractato
980 3356 1156 3439 exemplari
1187 3356 1420 3441 compositione

267 3452 479 3517 coniecturam
503 3456 608 3524 facere
629 3456 735 3541 licuit,
764 3465 927 3538 tamquam
950 3457 1108 3524 corollarii
1130 3457 1230 3523 instar
1251 3457 1311 3522 hoc
1332 3462 1418 3524 acci-

267 3549 418 3636 piendum
442 3551 600 3623 duximus.
645 3557 791 3624 ceterum
814 3579 876 3624 non
898 3558 1097 3642 ignoramus,
1129 3576 1223 3638 quam
1252 3559 1350 3624 dubia
1374 3560 1418 3629 de

269 3656 329 3720 hac
351 3672 385 3717 re
407 3653 593 3738 plerumque
616 3658 657 3721 sit
677 3659 826 3743 suspicio.

354 3757 446 3837 §dia
490 3754 558 3818 larn
588 3776 664 3822 uero
692 3759 845 3826 adeamus
874 3761 916 3826 ad
944 3761 1015 3844 ipsa
1042 3761 1236 3826 Bacchidum
1266 3748 1418 3846 exempla

270 3853 464 3940 temptanda.
508 3855 557 3921 En
580 3855 695 3939 quibus
718 3861 937 3928 nonnullorum
960 3880 999 3926 ea
1022 3868 1069 3926 est
1092 3861 1243 3944 condicio,
1271 3870 1305 3929 ut
1326 3865 1417 3932 fraus

269 3964 381 4038 sponte
402 3957 435 4021 in
458 3957 566 4023 oculos
588 3956 749 4024 incurrens
774 3980 836 4025 non
866 3962 1002 4046 potuerit
1030 3967 1156 4028 nostrae
1183 3961 1299 4028 aetatis
1328 3961 1416 4028 uiros

269 4055 380 4120 doctos
401 4055 573 4124 ludificare.
611 4058 702 4124 Velut
724 4059 756 4124 in
779 4080 840 4125 uno
863 4069 894 4126 et
910 4061 1084 4128 Teuffelius
1106 4067 1138 4128 et
1161 4061 1337 4147 Seyffertus
1360 4083 1413 4129 eo-
