3080 4748
339 347 382 401 De
399 347 566 402 Bacchidum
585 346 727 404 Plautinae
744 347 936 404 retractatione
954 349 1088 404 scaenica.
1246 351 1283 412 81

133 541 217 605 quae
232 520 365 586 confuse
380 518 537 602 prioribus
553 519 698 586 uersibus
713 519 838 587 locutus
853 527 930 606 erat,
954 523 1152 591 considerate
1169 523 1285 590 iisdem

131 625 248 691 iterum
278 620 464 686 deliberatis
493 627 613 687 certum
642 628 802 706 postremo
834 622 902 689 auri
929 623 1085 690 reddendi
1117 625 1285 692 consilium

131 723 229 809 capit.
274 725 386 806 Itaque
415 733 519 804 nequo
547 724 579 788 in
609 724 689 790 mira
718 724 776 791 illa
803 726 918 809 prioris
947 727 1045 810 partis
1073 715 1286 794 inconstantia

132 828 310 909 crebraque
325 825 410 890 intra
424 824 567 909 singulas
583 825 816 893 enuntiationes
831 826 1025 893 dehiscentis
1048 829 1284 910 quodammodo

131 947 247 996 sensus
269 925 484 1008 discrepantia
506 926 732 993 offendendum
756 934 812 1012 est,
836 947 941 1010 neque
964 929 991 994 si
1012 927 1045 992 in
1068 929 1170 996 altera
1191 936 1283 1014 parte

130 1029 285 1114 repetitur
308 1026 467 1109 quaedam
488 1029 647 1094 sententia
670 1049 710 1094 ex
724 1029 838 1113 priore
860 1036 1017 1114 suscepta.

217 1130 333 1196 Iamsi
357 1129 470 1195 harum
490 1129 626 1195 duarum
650 1150 753 1195 rerum
777 1124 897 1197 memor
921 1151 1070 1197 scaenam
1098 1131 1283 1216 perlegeris,

129 1231 289 1300 concedes
312 1229 407 1297 credo
431 1229 538 1296 omnia
560 1229 797 1315 simplicissima
819 1251 898 1298 esse.
939 1232 1035 1297 inuiti
1058 1233 1142 1298 enim
1166 1232 1303 1300 Moesi·

129 1334 217 1402 lochi
239 1331 459 1400 minitabunda
481 1331 582 1400 oratio
607 1330 643 1409 ἐξ
658 1325 922 1420 ἀπροσδοκήτου,
946 1342 979 1399 ut
1001 1334 1118 1418 dicunt,
1142 1333 1283 1400 declinat

130 1436 165 1501 in
188 1436 378 1502 contrariam
401 1440 524 1519 partem
547 1431 576 1499 u.
594 1439 655 1498 504
668 1453 731 1516 sq.:

265 1569 335 1622 Nam
353 1569 418 1621 mlhi
435 1567 520 1621 diuini
537 1566 683 1634 nimquam
701 1566 843 1636 quisquam
862 1563 982 1634 creduat,

266 1652 301 1726 lli
320 1668 367 1720 ego
386 1651 459 1706 illam
477 1652 606 1720 exemplis
624 1652 755 1722 plurumis
772 1647 908 1721 planique
927 1682 959 1690 -
978 1666 1047 1715 amo,
1232 1656 1281 1705 505

128 1780 378 1840 consentaneum
408 1774 492 1840 enim
523 1781 591 1839 erat
620 1772 727 1840 dicere
755 1772 906 1855 οἱοίοοοος
942 1771 1119 1854 codemque
1152 1791 1282 1857 prorsus

128 1875 226 1941 modo
247 1875 282 1939 in
304 1875 510 1957 sequentibus
533 1875 723 1942 contrarium
753 1875 914 1956 eloquitur
942 1875 1025 1958 eius,
1057 1873 1143 1956 quod
1174 1873 1280 1940 dicere

126 1977 191 2043 sibi
213 1983 435 2062 proposuerat:
1136 2045 1138 2054 ,

266 2110 336 2176 [Ego
353 2107 417 2162 laxo
435 2109 491 2162 hau
509 2109 581 2163 dicet
598 2107 731 2172 nanctum,
750 2122 829 2175 quem
848 2107 990 2174 derideat31
1231 2114 1280 2163 506

266 2191 405 2248 Narniam
424 2193 531 2247 domum
548 2194 593 2248 ibo
613 2198 694 2261 atque
712 2221 745 2230 —
762 2189 864 2258 aliquid
882 2192 1037 2260 surrupiam
1055 2193 1135 2260 patri,

197 2304 297 2345 adnot.
316 2301 394 2343 crit:

265 2367 324 2417 506.
343 2369 441 2412 derideat
457 2369 504 2412 libr.
514 2374 604 2422 practer·
620 2369 645 2417 A,
664 2367 700 2422 poi
718 2367 742 2411 G.
761 2367 848 2410 ltoewio
867 2372 955 2410 auctora
973 2367 1061 2410 omittet
1080 2320 1278 2430 DELUDEllssl'lst)

196 2440 280 2482 Versum
299 2449 337 2480 car
353 2436 664 2500 ocarelltslctrcomclosert'm,
679 2435 747 2489 paolo
762 2442 813 2490 post
831 2436 948 2479 enarrabo.

122 2553 271 2620 nimirum
300 2550 440 2616 dicturus
468 2569 579 2612 aarum
604 2548 734 2612 reddam
758 2569 825 2611 meo
847 2551 951 2633 potri;
984 2532 1150 2634 pergitque
1173 2554 1287 2634 magis·

123 2655 291 2737 magisque
314 2671 385 2718 sese
408 2652 574 2735 implicans
597 2649 914 2717 contradictionibus:

245 2783 321 2838 Adeo
341 2781 390 2852 ego
407 2784 480 2837 illam
498 2798 591 2852 cogam
610 2799 694 2851 usque
712 2781 742 2835 tt
759 2781 894 2835 mendicet
910 2812 944 2820 —
961 2777 1037 2834 meus
1055 2787 1141 2852 pater,
1224 2791 1274 2840 508

124 2923 199 2968 cum
220 2903 412 2970 Bacchidem
435 2925 456 2970 a
477 2904 633 2988 principio
656 2902 859 2984 intellexerit,
883 2921 979 2986 quam
1001 2901 1107 2968 dicere
1129 2904 1276 2973 uoluerat

122 3007 192 3070 fore
214 3009 249 3071 ut
270 3005 313 3070 ad
340 3010 517 3071 extremam
545 3006 686 3089 inopiam
715 3004 845 3070 redacta
872 3004 932 3085 sit,
960 3003 1082 3070 scilicet
1111 3024 1183 3071 cum
1212 3027 1276 3072 non

123 3105 252 3189 habeat,
276 3125 339 3187 quo
356 3107 538 3173 libertatem
552 3126 643 3172 suam
658 3127 678 3171 a
693 3106 793 3172 milite
808 3105 990 3188 redimat2).
1025 3105 1130 3184 Quare
1147 3129 1187 3175 ne
1207 3114 1274 3174 tau-

124 3206 229 3273 tillum
252 3208 381 3289 quidem
404 3207 566 3274 dubitabis
592 3228 717 3274 uersum
740 3212 801 3272 503
831 3209 873 3272 ad
901 3206 1028 3273 illorum
1057 3228 1201 3275 normam
1229 3212 1276 3278 ita

122 3329 197 3375 oum
209 3310 332 3394 Pylade
346 3310 500 3376 seribere:
522 3331 561 3372 roe
575 3310 632 3371 illa
646 3308 726 3372 illud
738 3309 845 3372 hercle
858 3308 926 3372 edm
941 3307 1121 3390 malefecit
1133 3344 1169 3354 -
1183 3331 1273 3384 mco,

120 3409 284 3493 (οοοοιοο
306 3413 422 3496 legitur
443 3411 476 3476 in
501 3411 598 3494 BOD,
620 3428 682 3478 suo
704 3410 737 3476 iu
759 3411 819 3493 Α),
843 3428 905 3491 quo
924 3410 994 3475 loco
1017 3408 1114 3475 miror
1134 3431 1174 3478 ne
1194 3410 1274 3479 Her-

75 3498 79 3506 ’
121 3531 274 3578 mannum
297 3512 424 3595 quidem
449 3518 504 3578 aut
523 3511 730 3577 Ritschelium
753 3516 809 3576 aut
829 3509 1074 3576 Fleckeisenum
1096 3531 1205 3578 ucrum
1229 3515 1275 3579 ui-

121 3612 220 3695 disse,
244 3615 298 3694 qui
320 3622 494 3699 praeeunte
515 3614 618 3679 Pareo
642 3614 673 3679 in
696 3611 745 3677 ed.
761 3612 808 3677 III
831 3611 985 3677 exhibent
1006 3633 1074 3675 οοοι
1090 3615 1172 3677 molo
1188 3614 1276 3698 ιβοοοί

212 3834 236 3895 1)
253 3829 426 3884 Ambrosiani
438 3829 633 3899 scripturarum
647 3829 830 3896 discrepantia
839 3829 932 3884 eodem
944 3827 1023 3885 modo
1033 3829 1207 3884 adnotabitur
1219 3844 1272 3897 quo

119 3912 152 3966 in
170 3913 276 3968 Goetzii
293 3914 447 3983 Loewiique
464 3915 500 3970 ad
513 3915 645 3969 Analecta
659 3913 785 3968 Plautina
798 3913 908 3983 Lipsiae
925 3929 949 3968 a.
965 3919 1026 3967 tart
1048 3913 1120 3968 edita
1137 3915 1273 3982 symbolis.

154 4011 158 4024 ·
209 4003 235 4066 2)
253 3999 286 4054 V.
304 4005 354 4054 505
375 4006 450 4054 recte
473 3998 549 4072 παρὰ
570 3995 738 4070 προσδοκίαν
760 3999 910 4068 explicatus
934 4001 976 4052 cst
998 3997 1032 4051 ab
1051 3996 1189 4067 Ussingio‚
1212 4017 1274 4057 cum

83 4105 90 4111 ·
120 4085 182 4138 tota
200 4084 269 4138 haec
286 4085 361 4154 prior
378 4085 514 4153 particula
532 4088 589 4138 tum
607 4101 634 4139 u.
650 4090 698 4140 508
717 4085 770 4138 iam
787 4099 804 4138 a
822 4083 963 4136 Lambino.

175 4178 291 4229 terminer
304 4177 397 4217 Studien
411 4176 449 4218 111.
1056 4190 1071 4239 6
