3080 4748
340 295 382 350 De
400 294 565 350 Bacchidum
583 295 724 350 Plautinae
741 296 935 352 retractatione
954 297 1088 352 scaenica.
1243 297 1284 360 99

131 469 220 534 neris
243 466 367 533 indoles
390 487 427 532 ao
450 473 580 552 natura,
606 474 640 534 ιιι
662 467 756 534 certis
779 468 975 552 argumentis
997 489 1049 535 res
1071 469 1196 536 absolui
1220 490 1282 540 non

131 590 298 652 nunquam
312 575 459 652 nequeat.
496 568 565 634 Nec
581 565 730 651 equidem
745 568 833 640 aliud
849 568 1018 651 quicquam
1040 568 1165 638 efficere
1187 572 1283 655 uolui,

131 673 196 739 nisi
212 677 248 737 ut
263 670 411 754 exemplo
427 668 626 754 proposit01)
647 670 888 754 perspiceretur,
912 689 976 752 qua
993 670 1115 738 ratione
1137 671 1206 737 lieri
1229 692 1282 757 po-

131 774 247 854 tuerit,
278 777 312 837 ut
334 791 397 837 una
419 792 490 837 oum
513 772 576 838 loci
597 771 718 837 ambitu
739 771 970 856 pedetemptim
993 779 1191 840 accrescente
1213 793 1283 840 sen-

131 874 254 942 tentiae
275 874 354 939 uitio
377 873 451 939 talis
475 878 634 957 postremo
658 873 879 940 diasceuastae
905 892 1003 956 opera
1032 874 1183 940 euaderet
1211 895 1283 942 con-

131 976 213 1043 tinui
242 974 397 1041 sermonis
426 975 565 1060 speeies,
601 993 664 1056 qua
693 980 853 1042 corrueret
883 974 1060 1055 misereque
1090 981 1285 1044 auerteretur

131 1077 237 1144 omnis
259 1077 438 1160 argumenti
460 1076 551 1142 ratio.

222 1177 337 1243 Verum
352 1178 433 1244 baec
455 1178 569 1259 quouis
589 1175 950 1261 pignore-contendam:
972 1196 1032 1243 nec
1054 1178 1204 1244 aPlauto
1226 1200 1285 1246 nec

129 1281 176 1345 ab
206 1299 268 1346 uno
297 1284 393 1365 poeta
421 1278 505 1345 bunc
532 1279 638 1345 locum
667 1278 828 1346 conditum
858 1299 946 1361 esse;
975 1278 1149 1364 primordia
1178 1288 1283 1346 autern

128 1382 279 1447 fraudem
294 1400 315 1445 a
330 1379 545 1447 retractatoris
561 1381 727 1447 cuiusdam
742 1379 962 1446 additamento
978 1381 1111 1466 cepisse,
1134 1382 1165 1446 in
1188 1383 1282 1448 inter-

129 1482 316 1566 polationes
340 1481 490 1547 diffusam
512 1482 639 1547 exiisse.

432 1699 685 1767 Bncchidum
708 1698 912 1782 specimen
935 1699 988 1764 VI.

614 1823 660 1866 tot.
675 1821 701 1864 lV
720 1834 752 1865 sc.
768 1824 802 1864 9².

219 1940 239 2017 ξ
255 1941 305 2003 24.
342 1935 436 2017 Quod
450 1940 550 2003 restat
564 1935 658 2002 huius
673 1935 799 2019 generis
816 1935 997 2019 exemplum
1013 1936 1094 2003 illud
1116 1946 1174 2022 est,
1198 1940 1284 2021 quod

129 2059 230 2124 supra
260 2039 440 2121 significaui
470 2039 605 2104 iteratae
638 2037 871 2104 retractationis
902 2057 941 2104 ea
969 2039 1089 2122 forma,
1122 2059 1205 2121 quae
1235 2047 1285 2107 est

130 2139 421 2224 dittograpbia
442 2138 729 2220 additamenti,
759 2138 944 2218 insignitum
967 2158 1055 2222 esse,
1082 2140 1133 2207 cui
1155 2142 1284 2223 quidem

130 2243 178 2308 rei
201 2240 467 2307 demonstrandae
489 2240 652 2326 superiore
673 2239 732 2305 illa
759 2239 975 2324 disputatione
1004 2237 1124 2306 firmius
1152 2240 1284 2322 aliquod

129 2341 373 2409 tundamentum
395 2348 621 2428 praeparatum
644 2359 716 2407 esse
738 2337 832 2408 uolui.
877 2341 1004 2406 illustre
1027 2341 1112 2407 enim
1135 2340 1284 2427 Chrysali

130 2443 302 2524 canticum,
325 2442 411 2525 quod
428 2444 608 2510 continetur
629 2441 774 2508 uersibus
796 2445 975 2526 sto-978,
999 2442 1060 2508 etsi
1082 2442 1129 2508 ita
1150 2443 1226 2529 lere,
1249 2451 1284 2512 ut

130 2545 272 2612 inlibris
293 2548 401 2627 fertur,
423 2543 615 2610 recentiores
631 2542 760 2609 edidere
784 2564 903 2628 omnes,
926 2565 990 2610 non
1013 2563 1147 2610 uacuum
1170 2564 1190 2610 a
1212 2565 1281 2612 cen-

130 2647 259 2714 tonibus
275 2645 318 2711 ad
332 2651 474 2712 nostram
490 2649 629 2710 aetatem
651 2646 838 2728 peruenisse
859 2645 924 2711 iam
946 2646 1046 2711 sensit
1061 2645 1113 2711 Fr.
1130 2645 1282 2729 Guyetus.

130 2749 192 2827 Qui
215 2769 289 2814 curn
311 2767 422 2814 uersus
443 2750 625 2811 eat-942
647 2745 829 2830 (praeterea
850 2745 927 2827 929)
954 2749 990 2809 ut
1011 2745 1136 2829 spurios
1162 2765 1280 2830 expun-

131 2856 231 2932 geret,
254 2869 365 2915 uersus
380 2851 442 2912 950
458 2852 490 2912 et
505 2851 565 2911 951
582 2848 616 2913 in
631 2848 724 2912 nnius
738 2849 873 2913 formam
887 2845 1089 2912 contraheret
1110 2844 1153 2926 (u.
1170 2847 1281 2913 horum

132 2971 282 3017 namnum
297 2950 369 3015 adn
385 2949 478 3032 crit),
501 2948 631 3014 minime
646 2950 764 3032 inepte,
786 2947 845 3015 sed
862 2947 958 3032 paulo
981 2947 1093 3013 fortium
1114 2967 1202 3013 more
1224 2967 1282 3014 suo

132 3059 164 3118 et
184 3059 221 3118 ut
243 3052 309 3116 alia
331 3070 434 3132 eaque
459 3052 610 3133 grauima
638 3049 755 3116 menda
781 3049 990 3135 posteriorum
1018 3044 1194 3116 industriae
1223 3052 1282 3116 tol·

133 3152 229 3218 lenda
243 3152 452 3234 relinqueret:
474 3152 553 3217 satis
569 3152 778 3219 memorabile
793 3157 851 3235 est,
875 3149 962 3232 quod
981 3149 1111 3217 fastidio
1132 3151 1220 3218 illins
1241 3172 1282 3218 ex

132 3263 222 3337 parte
244 3274 328 3318 nnnc
349 3253 475 3319 accedit
496 3252 703 3319 uetustissimi
727 3253 827 3318 libri
849 3252 1070 3319 Bobiensis
1099 3252 1282 3336 auctoritas,

133 3377 153 3418 a
173 3377 237 3439 quo
260 3375 390 3438 prorsus
411 3355 557 3420 abesse
578 3374 608 3420 n.
629 3357 799 3418 asi-940
821 3391 863 3400 -
886 3371 966 3434 quos
987 3371 1081 3417 nemo
1102 3371 1165 3416 non
1193 3352 1283 3420 uidet

221 3529 246 3584 1)
263 3521 367 3574 Multae
378 3520 448 3574 enim
460 3526 602 3589 praeterea
614 3520 772 3587 cogitationi
784 3535 845 3574 scae
856 3518 973 3573 offerunt
983 3517 1195 3573 reconcinnandi
1213 3519 1281 3574 uiae

133 3606 173 3660 Ne
188 3605 257 3661 rllnd
274 3604 381 3672 quidem
398 3604 553 3674 praefracte
569 3605 725 3674 negauerim
742 3603 802 3657 fleri
818 3601 956 3672 potuisse,
979 3607 1011 3655 nt
1027 3602 1157 3670 pristinus
1179 3607 1281 3658 retrac-

134 3697 204 3745 tator
218 3689 302 3743 rebus
320 3705 376 3743 non
393 3694 485 3755 staret,
504 3690 553 3743 sed
571 3704 637 3744 cura
655 3688 778 3742 certatis
795 3687 902 3741 abiecta
919 3702 1073 3755 eorumque,
1091 3703 1161 3756 qnae
1177 3687 1206 3740 in
1222 3688 1282 3754 ipsa

134 3775 225 3829 tabula
242 3774 435 3841 sequebantur,
452 3775 582 3828 memoria
599 3772 723 3842 deposita
740 3771 785 3836 (ci.
796 3771 890 3825 Gaea.
900 3771 1051 3838 dedittogr.
1065 3787 1091 3838 p.
1103 3775 1205 3837 tatae,
1219 3774 1280 3834 286)

21 3889 22 3926 3
134 3859 210 3926 plura
226 3858 340 3922 luderet,
356 3859 397 3911 ita
415 3863 446 3910 ut
462 3858 651 3912 dimeeuaatae
667 3856 893 3922 librariorumque
905 3855 1038 3919 inscitiae,
1056 3854 1103 3921 qui
1119 3853 1280 3921 interprete·

134 3951 222 3997 menta
232 3943 361 4010 locosque
371 3942 516 4010 parallelos
528 3943 712 3996 internoscere
726 3940 880 4006 nescierint,
898 3940 1048 3993 debeantur
1059 3937 1163 4006 reliqna
1176 3939 1280 3994 omnia:

22 4037 23 4044 ’
135 4028 193 4094 plus
210 4027 314 4081 habere
329 4026 531 4096 probabilitatis
549 4042 603 4080 non
621 4025 682 4094 pari
698 4024 829 4080 facilitate
847 4022 1034 4078 conceaaerim.

1045 4123 1078 4176 1*
