3080 4748
252 267 293 330 84
654 264 829 322 Gualtlrurius
847 264 1019 320 Brachmanrr

253 439 376 508 uellet?
409 437 576 506 Referatur
589 437 685 524 igitur
699 455 761 504 una
776 456 848 502 eum
867 434 1041 519 scripturae
1063 433 1219 501 uarietate
1235 469 1276 478 ——
1292 434 1433 503 Ambr.

253 542 336 609 enim
360 539 428 605 illie
450 539 714 609 desideratur-
736 539 812 605 illue
835 537 919 604 unde
942 537 1042 619 fluxit,
1065 535 1108 603 ad
1130 556 1159 602 u.
1177 539 1248 602 864.

339 665 358 738 ς
376 663 424 724 16.
453 659 522 754 Iam
538 658 624 727 baud
640 657 771 726 diffiesse
782 658 842 724 erit
857 656 898 721 ad
915 653 1172 737 existimandum,
1188 675 1264 720 num
1273 655 1433 724 Kiess-

252 759 405 845 lingius
427 781 538 828 uerum
553 760 761 846 perspexerit.
800 758 860 838 Qui
879 778 949 825 eum
971 756 1055 823 hune
1077 756 1110 822 in
1133 756 1262 823 modum
1284 757 1430 825 discer-

252 872 343 933 neret
356 871 534 948 utramque,
557 881 652 946 quem
667 867 863 928 commentus
886 865 944 942 est,
966 858 1183 925 reeensionem
1205 858 1429 927 scaenieam:

473 1026 603 1084 nens.
752 1089 758 1096 ,
877 1006 879 1014 ’
1053 1025 1179 1080 sees.

727 1111 753 1150 ιι.
774 1097 918 1150 500-502.

276 1183 303 1236 u‘.
318 1185 382 1236 503:
501 1195 525 1236 e.
544 1179 615 1234 melo
634 1179 698 1236 lecit
716 1195 787 1235 sue.
867 1195 892 1232 u.
907 1181 970 1232 503:
1090 1192 1115 1232 e.
1132 1177 1203 1231 male
1220 1175 1287 1230 feeit
1304 1193 1401 1235 meo.

1046 1267 1188 1317 tul—505.

437 1367 462 1404 u.
480 1354 624 1406 tut-etr.
1044 1350 1188 1401 aru-519.

363 1450 397 1490 ex
414 1434 466 1492 lide
484 1435 702 1502 Palatinarum)
855 1519 870 1569 2
1045 1431 1237 1496 512-514b.²)

752 1521 852 1572 ttb-rt
872 1520 896 1570 5.

252 1639 287 1707 id
308 1642 467 1708 studuisse
490 1639 630 1722 uidetur,
660 1646 695 1704 ut
716 1636 808 1703 alteri
831 1635 1006 1704 recensioni
1029 1657 1069 1704 ea
1090 1636 1258 1730 tribueret,
1288 1637 1412 1720 quibus

252 1742 467 1810 Mnesilochus
496 1742 614 1807 malum
645 1735 798 1804 Baeehidi
829 1737 1043 1822 minitaretur,
1075 1738 1169 1805 alteri
1199 1758 1254 1822 ee,
1287 1740 1410 1822 quibus

251 1861 375 1908 summu
398 1861 506 1908 amore
529 1861 564 1908 se
591 1840 682 1906 illam
710 1838 861 1923 amplecti
889 1836 1108 1906 adseueraret:
1138 1859 1334 1922 quamquem
1364 1864 1407 1910 ne

252 1943 298 2008 sie
321 1944 449 2024 quidem
471 1943 569 2008 ullam
592 1941 624 2008 in
647 1942 790 2007 oratione
812 1941 1023 2008 constantiam
1045 1930 1217 2008 adsecutus
1241 1951 1308 2008 est

336 2045 405 2111 Nee
433 2062 546 2111 uereor
572 2065 612 2112 ne
635 2043 868 2124 Ussingium
898 2043 1010 2110 eredas
1039 2062 1150 2110 uersus
1180 2046 1357 2108 506-511
1385 2068 1407 2112 a

251 2147 367 2213 Plauto
382 2155 469 2214 reete
483 2147 695 2228 abiudieasse,
718 2146 836 2211 eumin
854 2146 915 2211 hae
937 2145 1136 2228 potissimum
1158 2165 1193 2210 re
1215 2144 1407 2230 offenderet,

252 2249 339 2332 quod
361 2267 459 2315 eausa
487 2251 633 2332 nequiret
660 2247 818 2330 intellegi,
848 2266 902 2311 eur
924 2245 1137 2312 Mnesilochus
1167 2246 1250 2330 patri
1280 2247 1407 2329 aliquid

251 2351 433 2432 surriperet,
457 2350 576 2432 quippe
592 2348 646 2428 qui
663 2347 811 2430 Chrysali
825 2347 937 2414 fraude
952 2347 1016 2412 iam
1032 2347 1111 2412 satis
1126 2367 1284 2429 superque
1306 2348 1408 2416 habe·

252 2457 309 2514 ret.
348 2450 397 2514 Ita
412 2447 496 2514 enim
512 2447 568 2512 ille
591 2454 640 2514 est
662 2447 768 2514 animo
790 2447 984 2532 perturbato,
1007 2453 1125 2514 utnon
1148 2448 1250 2514 solum
1273 2449 1409 2517 missum

250 2550 349 2616 faeiat
371 2553 502 2635 repente
526 2548 693 2615 eonsilium
715 2547 796 2616 illud
819 2549 887 2615 auri
909 2547 1065 2615 reddendi
1088 2547 1188 2633 (quod
1209 2549 1315 2617 animo
1331 2570 1407 2616 eum

251 2650 437 2736 eoneepisse
459 2649 578 2719 indieio
601 2657 649 2719 est
676 2651 827 2719 uersiculi
850 2657 910 2716 507
934 2650 1062 2736 eaput),
1091 2650 1148 2717 sed
1178 2649 1288 2717 amens
1318 2650 1407 2718 dieat
1511 2663 1512 2668 ’

188 2815 191 2822 .
250 2753 490 2842 aliudinsuper
512 2761 646 2840 epatre
668 2775 703 2822 se
726 2756 908 2822 ablaturum
931 2774 1023 2836 esse,
1048 2755 1133 2836 quod
1163 2759 1290 2820 amabe
1319 2753 1405 2821 dono

251 2856 315 2940 det,
337 2855 434 2923 immo
451 2863 583 2939 tantum,
606 2862 641 2922 ut
656 2857 699 2922 ad
713 2863 934 2942 paupertatem
949 2856 1039 2920 illum
1062 2853 1196 2938 redigat.
1234 2855 1303 2920 lam
1326 2875 1404 2922 uero

250 2958 319 3040 ipse
342 2957 384 3022 ab
406 2957 533 3041 ineptiis
556 2977 591 3022 se
613 2963 745 3022 reuoeat
766 2955 816 3021 his
834 2956 992 3020 uersibus:

403 3086 456 3141 Sed
474 3087 561 3142 satine
578 3102 626 3158 ego
645 3087 763 3142 animum
780 3085 872 3142 mente
890 3085 996 3142 sincera
1012 3102 1084 3154 gero,
1352 3094 1401 3144 509

403 3171 455 3240 Qui
472 3173 507 3228 ad
524 3172 596 3227 bunc
614 3172 722 3227 medum
740 3172 809 3227 haee
826 3171 880 3237 hie,
898 3169 968 3241 quad
986 3172 1086 3238 lutura,
1105 3171 1260 3238 fabulorl³l

251 3279 454 3288 —-—---=——--

338 3323 448 3388 illlam
466 3325 546 3379 etiam
563 3325 645 3380 istum
668 3339 701 3379 ex
722 3323 969 3395 interpretamentis
993 3321 1138 3379 conflatum
1156 3307 1235 3380 bblb'
1252 3326 1298 3394 (ef.
1317 3342 1402 3396 supra

247 3422 277 3476 p.
296 3409 328 3460 82
347 3405 410 3461 adn.
426 3411 451 3474 3)
469 3424 598 3479 respuere
615 3409 655 3464 illi
671 3409 764 3479 religio
778 3409 838 3463 fnit.
957 3465 960 3476 ,

336 3493 361 3550 l)
381 3490 448 3546 Tres
465 3491 543 3559 illos,
569 3510 636 3562 quos
654 3497 717 3565 post
735 3500 785 3550 519
802 3493 870 3547 Pall.
889 3492 1028 3560 exhibent,
1053 3498 1183 3563 postult
1202 3494 1327 3550 cancellis
1348 3495 1401 3550 eir-

244 3573 383 3630 ·nnmdatis
399 3575 538 3644 appositos
562 3579 782 3634 aFleelreiseno.
818 3578 891 3646 Quos
916 3578 1022 3647 quidem
1047 3579 1144 3647 quibus
1167 3578 1288 3635 artificiis
1311 3595 1402 3635 emen-

249 3660 353 3715 dandos
371 3674 430 3714 esse
449 3663 584 3725 censeret,
609 3664 784 3730 pronuntiare
802 3661 903 3719 noluit:
929 3667 992 3717 ante
1013 3663 1089 3717 illurn
1111 3663 1208 3732 quibus
1231 3665 1364 3719 machinis
1383 3681 1402 3721 a

249 3744 314 3799 uiris
329 3744 415 3800 doctis
429 3744 553 3813 temptati
567 3746 627 3812 sint,
646 3746 788 3802 Ritsehelii
799 3746 983 3818 suppeditabit
997 3745 1077 3801 editio
1094 3748 1163 3801 conl.
1174 3747 1283 3817 Parerg.
1294 3731 1328 3820 sp.
1339 3753 1399 3804 423.

250 3827 375 3883 Ceterum
391 3834 447 3886 tres
464 3830 524 3885 illos
542 3828 671 3886 delendos
689 3845 748 3886 esse
764 3831 817 3886 iam
836 3833 958 3902 Guyetns
977 3835 1165 3902 perspexerat,
1185 3832 1253 3888 mule
1270 3833 1399 3892 adiuncto

247 3927 274 3966 ιι.
289 3916 348 3968 tlt.
395 3915 399 3922 '

334 4000 359 4062 3)
377 3997 435 4051 lem
452 3997 532 4053 uideo
550 3998 647 4053 iterum
665 3997 743 4054 nobis
765 3998 972 4068 depugnandum
996 4014 1055 4055 esse
1078 4016 1138 4056 cum
1159 3997 1300 4057 inutilibus
1323 4003 1398 4057 criti-
