3080 4748
324 358 366 412 De
384 357 549 412 Bacchidum
566 357 709 413 Plautinae
725 359 917 414 retractatione
935 361 1068 415 scaenica.
1208 360 1266 419 tot

113 528 275 612 quidquid
300 549 340 596 ex
363 529 479 595 fabulis
496 529 652 595 Troianis·
669 528 904 610 quodammodo
927 531 960 596 in
983 532 1131 598 Nicobuli
1153 531 1267 616 decep-

112 632 236 698 tionem
266 631 434 697 conuenire
461 629 624 696 uideretur
652 630 695 696 ad
724 629 942 696 exornandam
973 636 1004 699 01
1032 632 1268 719 expingendam

112 733 206 798 illam
229 731 499 817 comparationem
521 731 634 816 putida
656 731 823 815 diligentia
845 741 1071 815 congesserunt
1083 734 1114 816 ¹).

203 870 289 948 §ib
324 867 370 948 ¹At
384 887 460 932 uero
476 886 585 932 uersus
601 866 675 932 illos
696 886 736 931 ne
759 866 838 932 satis
860 866 1060 933 oommodnm
1084 868 1212 950 quidem
1235 871 1268 937 in

112 970 255 1052 genuino
286 968 408 1033 cantico
431 969 579 1034 Plautino
606 967 727 1034 babere
754 970 858 1035 locum
887 975 954 1033 tum
981 968 1290 1054 intellegentium·

113 1071 283 1137 nobiscum
298 1069 553 1154 inuestigaueris,
577 1089 714 1154 quonam
730 1070 906 1136 sententiae
928 1069 1054 1136 uinculo
1078 1073 1269 1138 cohaereant

112 1173 262 1255 singulae
289 1171 376 1236 illius
406 1191 485 1254 quas
514 1192 610 1256 supra
641 1171 894 1237 enumerauimus
923 1178 1047 1256 partes,
1082 1174 1131 1238 uel
1162 1173 1267 1256 potius

113 1294 214 1356 quam
230 1265 403 1357 probabile
412 1273 455 1337 sit
477 1294 517 1339 ex
539 1279 654 1357 poetae
677 1272 810 1338 consilio
834 1273 909 1337 olim
932 1273 1030 1340 fuisse
1053 1295 1162 1341 eorum
1185 1275 1266 1341 dis-

111 1374 377 1459 positionem,
409 1392 491 1455 quae
514 1394 596 1441 nnnc
621 1379 798 1456 temporum
827 1373 995 1455 iniquitate
1023 1378 1208 1460 perturbata
1235 1384 1267 1444 et

112 1475 280 1543 incondita
294 1475 407 1541 iacent.
444 1476 603 1542 Aetolius
620 1475 865 1560 comparationis
887 1476 979 1556 quasi
1001 1478 1163 1543 cardinem
1187 1479 1267 1545 uerti

113 1581 252 1662 apparet
273 1577 307 1641 in
330 1576 529 1643 enarratione
549 1577 607 1644 illa
629 1577 724 1643 trium
739 1576 790 1641 Ilii
812 1577 957 1642 fatorum.
995 1577 1134 1655 Quorum
1157 1580 1267 1662 priori·

113 1681 177 1746 bus
200 1677 277 1760 qnid
299 1677 511 1763 significatum
533 1679 628 1743 sitin
651 1679 818 1763 propatulo
847 1682 910 1743 est:
942 1679 1067 1744 tertium
1096 1698 1158 1761 quo
1187 1681 1265 1747 refe-

113 1787 206 1848 ratur
235 1779 321 1846 haud
351 1779 445 1845 110110
473 1780 618 1847 11101111
650 1779 739 1845 aliud
773 1779 957 1862 quicquam,
990 1781 1053 1847 nisi
1081 1781 1196 1866 respici
1224 1781 1267 1848 ad

113 1883 258 1967 ligneum
281 1900 397 1963 equum
420 1881 502 1947 intra
525 1880 651 1947 moenia
673 1879 814 1946 Troiana
843 1881 1068 1949 inuehendum.
1111 1884 1173 1962 Qui
1196 1903 1267 1948 curn

114 1986 274 2050 immensa
296 1982 462 2048 altitudine
484 1989 593 2067 portas
615 1982 725 2067 oppidi
751 1984 846 2064 longe
875 1990 1039 2067 superaret
1047 2035 1055 2068 ,
1086 1988 1173 2052 nullo
1203 1986 1266 2052 alio

116 2087 211 2152 modo
228 2085 349 2151 111100
365 2083 524 2149 conlocari
540 2089 667 2169 poterat
689 2084 751 2149 nisi
774 2082 880 2149 diruta
901 2087 1063 2170 superiore
1084 2075 1176 2172 part'e
1199 2088 1267 2153 eius

116 2209 172 2271 per
196 2206 293 2269 quarn
314 2185 459 2250 introitus
481 2183 550 2251 lieri
573 2184 713 2251 debebat
734 2191 846 2268 portae
856 2185 892 2265 2).
927 2187 1136 2267 Apertissime
1159 2194 1266 2253 autern

116 2289 220 2373 ipsum
243 2289 390 2352 Plautum
414 2286 566 2352 hocloco
589 2286 631 2352 ad
655 2304 771 2367 equum
786 2285 958 2352 Troianum
982 2287 1139 2369 respicere
1161 2295 1266 2354 osten-

116 2391 194 2456 dunt
217 2409 269 2455 uu.
290 2391 425 2466 osten:
455 2387 549 2451 Nunc
572 2387 719 2471 eriperem
743 2387 835 2449 limen
860 2387 1028 2461 scrirditar,
1057 2409 1138 2453 nuno
1163 2389 1269 2474 propo¹

116 2491 203 2554 odeat
228 2491 361 2552 01111011
385 2465 462 2553 111οε
490 2489 608 2552 turbor
628 2508 724 2573 equos
746 2488 848 2573 lepide
870 2489 990 2570 1191011
1005 2538 1111 2553 .....

198 2595 269 2658 Iam
293 2591 341 2656 his
364 2591 518 2657 absolutis
542 2590 721 2673 uideamus,
746 2589 905 2672 quomodo
929 2591 1103 2676 Chrysalus
1126 2594 1186 2659 tria
1208 2593 1265 2659 illa

116 2696 180 2759 1111
203 2693 346 2758 Troiana
367 2693 399 2757 in
422 2692 544 2759 fraudis
567 2711 644 2757 suae
667 2691 909 2757 similitudinem
931 2694 1110 2758 transferat.
1151 2695 1264 2759 Mirum

117 2795 267 2878 prolecto,
291 2799 326 2859 ut
339 2795 494 2878 propositi
509 2794 614 2860 subito
631 2793 749 2858 oblitus
771 2799 834 2857 est:
857 2813 929 2858 nam
953 2794 1116 2859 tertium
1140 2795 1265 2860 fctum

117 2915 269 2979 nusquam
294 2914 366 2960 eum
389 2895 512 2979 reperio
536 2895 569 2960 in
598 2914 688 2960 suam
718 2915 785 2961 rem
814 2895 1070 2976 accommodare,
1103 2915 1265 2962 enumera-

117 3005 217 3062 turum
242 2994 371 3080 quidem
394 3018 424 3062 1.
447 3000 509 3060 956
540 2997 617 3078 1111,
647 3017 709 3062 101
738 2996 800 3062 duo
829 2997 934 3058 nostri
953 2994 1010 3058 1111
1035 2995 1109 3062 fata.
1154 2998 1265 3079 Neque

118 3100 198 3164 enim
220 3101 302 3165 latet
323 3097 404 3163 illud
425 3099 458 3162 in
479 3098 625 3164 uersibus
649 3101 843 3164 ooo—969:
873 3097 927 3180 qni
950 3117 1013 3163 non
1041 3106 1175 3183 possunt
1203 3121 1266 3167 una

119 3220 186 3265 cum
207 3220 246 3266 00
274 3200 329 3280 qui
351 3199 514 3283 praeeedit
543 3199 666 3282 (eiectis
689 3192 835 3267 nimirum
858 3199 933 3282 illis,
960 3218 1043 3281 quae
1065 3200 1196 3266 inseruit
1218 3223 1265 3267 10-

120 3301 279 3385 tractator)
302 3303 411 3366 1960
435 3299 477 3364 ad
499 3301 714 3368 secundum
737 3305 836 3368 fatum
859 3303 977 3384 referri,
1000 3319 1072 3366 cum
1094 3303 1266 3386 respiciant

120 3412 224 3486 aperte
239 3403 283 3468 ad
301 3423 349 3487 01,
373 3401 949 3490 1111ορ101111101011101101111.
985 3403 1096 3487 Immo,
1118 3405 1146 3470 si
1166 3406 1268 3488 paulo¹

120 3506 293 3571 accuratius
310 3491 500 3588 inspexeris,
516 3504 602 3568 facili
616 3504 743 3586 negotio
759 3503 839 3569 baec
853 3505 925 3588 ipsa
939 3504 1265 3589 interpolatione

203 3677 226 3738 1)
245 3671 348 3739 Utpote
359 3670 387 3723 in
399 3671 461 3724 loco
479 3685 496 3724 a
513 3671 663 3738 posteriore
676 3669 792 3738 quodam
810 3674 891 3740 poeta
909 3673 1058 3741 composito
1077 3673 1264 3741 relinquendos

121 3755 181 3809 duxi
198 3756 323 3810 uersibus
336 3760 386 3809 963
396 3771 436 3825 sq.
455 3771 581 3810 numeros
599 3754 762 3809 trochaicos.
790 3754 878 3810 Docet
895 3757 966 3810 enim
985 3757 1134 3824 exemplum
1147 3757 1265 3810 Terentii

17 3843 19 3912 l
122 3840 216 3895 omisso
233 3841 392 3894 liberiorum
409 3843 557 3894 metrorum
575 3856 626 3894 usu
645 3839 727 3894 multo
746 3841 840 3904 maius,
859 3856 939 3908 quam
957 3847 1045 3900 antea,
1067 3845 1188 3892 exortum
1207 3855 1266 3897 esse

120 3925 233 3978 studium
261 3924 445 3980 concitatioris
473 3924 613 3979 cuiusdam
638 3925 779 3978 uarietatis
806 3924 964 3978 eliciendae
991 3923 1092 3976 crebris
1118 3925 1146 3977 in
1173 3927 1266 3981 eadem

120 4023 216 4064 scaena
234 4010 385 4064 iamborum
402 4009 648 4076 trochaeorumque
666 4009 907 4063 uicissitudinibus.

201 4099 227 4160 2)
245 4095 287 4150 De
304 4094 391 4148 tribus
408 4095 461 4148 illis
479 4095 542 4150 fatis
560 4112 587 4148 u.
605 4095 757 4148 Excursum
774 4094 794 4147 1.
