3092 4756
265 311 323 374 134
654 307 829 364 Gualtharins
847 308 1020 364 Brachmann

260 483 389 552 turbent
402 482 520 548 iustum
533 478 763 548 sententiarum
786 478 930 546 ordinem
952 483 1055 561 neqn'e
1075 478 1138 562 ipsi
1160 478 1331 561 quiequam
1354 480 1412 546 ad·

260 586 364 652 ferant
384 583 460 650 noni
545 580 606 648 nisi
629 581 709 648 forte
731 581 828 648 aliam
850 598 917 645 rem
939 599 1011 646 esse
1033 598 1160 663 censes,
1191 598 1286 662 quam
1313 601 1413 665 snpra

262 707 291 754 u.
305 689 366 752 313
381 685 533 768 attigerat
543 721 585 731 —
596 703 709 752 uereor
721 701 760 748 ne
771 681 1026 768 interpolationis
1038 682 1156 748 crimen
1167 701 1230 748 non
1245 681 1410 765 effugiant.

345 788 414 852 lam
436 806 513 856 uero
542 786 709 868 loquacem
737 783 826 849 illam
854 783 1008 852 sermonis
1035 784 1214 850 ubertatem
1244 784 1342 850 etiarn
1372 805 1411 856 ec

259 890 468 974 interpolator
489 887 631 970 contulit,
654 885 709 952 nbi
731 905 773 951 ex
795 885 866 970 ipsa
887 885 1022 952 actionis
1043 891 1156 952 natura
1177 903 1306 970 prorsus
1328 886 1411 954 nihil

259 989 476 1060 excusationis
498 989 587 1056 nasci
609 992 747 1071 poterat:
774 987 807 1053 in
829 993 1004 1054 extremam
1026 1003 1163 1053 scaenae
1183 991 1316 1070 partem.
1362 987 1411 1053 Ao

258 1111 311 1158 res
327 1091 455 1174 quidem
471 1088 717 1157 euidentissima.
753 1090 838 1155 Nam
854 1089 904 1154 cui
927 1087 1073 1155 crederes
1094 1087 1242 1154 adridere
1264 1087 1410 1171 potuisse

259 1195 340 1260 tales
356 1190 539 1273 uersiculos,
563 1190 674 1271 quales
689 1198 763 1274 post
778 1211 807 1256 u.
825 1193 884 1254 357
905 1209 967 1256 nno
982 1194 1092 1255 tenore
1108 1188 1309 1256 continuatos
1332 1210 1408 1258 uen-

259 1293 363 1360 ditant
384 1292 471 1357 libri:

411 1423 464 1479 Sed
483 1391 546 1493 qnid
562 1423 718 1490 futurumst,
737 1439 817 1493 quom
835 1421 887 1477 hoc
905 1437 987 1477 senex
1005 1421 1163 1476 recoluerit?
1359 1427 1408 1478 358

298 1541 301 1566 r
411 1509 498 1578 Quom
515 1523 544 1564 se
563 1504 751 1564 excucurrisse
768 1507 832 1562 ssluc
849 1507 951 1562 frustra
969 1506 1078 1562 soluerit

410 1594 522 1662 Nosque
538 1597 635 1648 aurum
652 1593 762 1656 abusos,
780 1591 845 1660 quid
862 1590 927 1645 mihi
945 1591 992 1646 fiet
1009 1591 1121 1658 pbstea?

257 1731 293 1796 In
317 1730 431 1812 quibus
453 1748 527 1795 cum
548 1727 725 1793 sententiae
748 1728 894 1795 molestia
915 1729 1056 1794 iunctum
1086 1732 1135 1794 est
1162 1729 1408 1811 grammaticum

255 1830 386 1912 uitium,
415 1849 486 1895 cnm
507 1827 702 1894 insecundo
729 1845 824 1893 uersu
854 1847 911 1912 pro
939 1829 1070 1891 soluerit
1096 1829 1197 1894 forma
1225 1830 1408 1910 requiratur

256 1939 313 1995 ant
332 1929 424 1992 ambit
442 1929 496 1994 uel
517 1931 594 1990 sciet
616 1935 672 1993 ant
693 1927 773 1994 illud
795 1929 909 2015 ipsum,
933 1928 1019 2013 quod
1040 1929 1073 1995 in
1095 1929 1201 2013 priore
1223 1949 1253 1995 n.
1277 1929 1406 2016 legitur,

255 2029 430 2093 recoluerit.
474 2029 587 2110 Itaque
616 2034 715 2097 tetam
745 2031 834 2097 illam
864 2049 947 2113 quae
977 2031 1154 2097 continetur
1175 2030 1407 2112 posterioribus

255 2130 380 2198 dnobus
402 2130 547 2198 uersibus
575 2129 728 2216 simplicis
750 2131 945 2216 pronominis
964 2131 1033 2204 ‚boc
1063 2127 1310 2214 explicationem
1342 2151 1430 2198 non.

255 2232 367 2300 dubito
389 2232 493 2300 inutili
515 2232 673 2318 imputare
701 2233 791 2299 scioli
819 2232 926 2301 nescio
955 2232 1044 2299 onius
1074 2230 1257 2298 subtilitati:
1288 2233 1406 2313 quibus

184 2341 188 2346 '
254 2333 391 2401 sublatis
413 2332 544 2401 euidens
567 2337 684 2414 quanto
707 2333 872 2400 neruosius
895 2334 1049 2417 procedat
1076 2332 1188 2398 oratio.
1232 2333 1407 2401 Praeterea

253 2432 388 2517 impedit
408 2438 534 2499 mutuas
556 2433 781 2498 sententiarum
804 2435 943 2500 rationes
966 2455 995 2500 u.
1013 2439 1083 2501 364.
1124 2431 1301 2499 (ionfininm
1318 2435 1405 2500 eninr

252 2533 410 2613 utrimque
425 2550 573 2598 uersuum
596 2527 689 2614 (quos
705 2532 788 2598 infra
802 2533 909 2616 attuli)
932 2553 1003 2601 eum
1022 2534 1082 2601 boo
1105 2534 1146 2600 sit
1167 2541 1404 2617 argumentum:

252 2632 291 2697 Si
305 2633 451 2696 domimo
469 2632 659 2718 quoeritcbit
679 2635 781 2698 iratus
803 2657 884 2709 erce,
913 2657 970 2699 rna
991 2635 1164 2718 ansepero:
1186 2637 1216 2697 ai
1235 2638 1314 2710 rurs]
1339 2639 1405 2701 iam

253 2737 375 2799 domum
396 2734 540 2801 rediero:
570 2741 705 2821 apparet
727 2737 955 2805 alienissimam
981 2756 1050 2804 esse
1072 2737 1114 2801 ab
1137 2735 1187 2802 bis
1211 2736 1308 2802 medii
1331 2756 1403 2803 sen-

251 2837 398 2906 tentiam:

403 2953 432 3007 Si
450 2955 496 3008 erd
514 2951 702 3020 reprehensus,
720 2951 808 3007 mdcto
827 2967 875 3021 ego
893 2953 968 3007 illum
985 2954 1140 3008 infortunio.
1351 2953 1402 3010 364

251 3071 352 3149 Quem
374 3071 574 3136 recordatum
596 3070 733 3137 fortasse
754 3071 867 3138 similis
889 3074 997 3142 nescio
1020 3073 1109 3140 cuius
1131 3074 1194 3140 loci
1215 3077 1401 3158 grammati-

250 3190 321 3236 cum
344 3169 504 3252 quendam
525 3169 734 3256 adscripsisse
756 3178 843 3255 puto.

319 3309 354 3388 ·§
378 3308 428 3372 38.
469 3305 536 3374 Hos
559 3325 669 3372 omnes
691 3305 788 3390 igitur
810 3327 930 3392 uersus,
953 3308 1008 3392 qni
1030 3308 1175 3376 additicii
1197 3309 1399 3394 uidebuntur,

249 3411 304 3471 ant
320 3407 556 3492 interpolatoris
578 3407 683 3475 fraudi
705 3407 816 3476 deberi
837 3415 902 3492 aut,
924 3409 1077 3479 siminus
1099 3412 1211 3479 fraude
1232 3418 1328 3494 ortos,
1351 3413 1397 3478 in-

248 3505 342 3572 scitia
357 3505 577 3575 diasceuastae
599 3511 842 3579 librariornmue
864 3511 897 3578 in
911 3512 1131 3579 Plautinor‘um
1153 3533 1300 3581 uersuum
1323 3533 1398 3580 con-

247 3614 372 3676 textum
387 3615 532 3693 receptos
548 3630 619 3678 esse
634 3615 791 3697 suspicor:
811 3612 1005 3680 confidenter
1019 3613 1188 3681 adfirmare
1204 3635 1266 3681 non
1281 3613 1398 3700 audeo,

248 3706 507 3792 quandoquidem
522 3729 615 3776 nemo
639 3712 871 3781 demonstrabit
891 3735 954 3781 non
976 3734 1071 3799 posse
1094 3736 1135 3781 ex
1157 3715 1208 3782 his
1227 3716 1399 3784 nonnullos

248 3811 410 3894 dispersas
426 3829 497 3876 esse
511 3808 663 3892 reliquias
686 3834 725 3879 ex
748 3815 911 3882 temactati
930 3816 1120 3900 exemplaris
1141 3818 1307 3903 naufragio
1330 3837 1396 3885 ser·
1512 3855 1516 3907 j

247 3917 348 3977 natas.
386 3912 561 3997 Expertum
576 3911 659 3978 enim
676 3932 747 3981 esse
761 3915 845 3982 hanc
860 3936 987 4000 quoque
1009 3936 1156 3984 scaenam
1179 3919 1397 3988 retractatoris
1520 3923 1521 3930 ’

247 4028 386 4095 manum,
408 4012 470 4079 hoc
491 4014 559 4080 sine
581 4013 647 4080 ulla
669 4013 867 4084 dubitatione
889 4016 1055 4086 contendo.
