3092 4756
357 351 400 406 De
418 349 586 406 Baochidum
603 348 746 408 Plautinae
763 351 957 408 retractatione
976 350 1107 409 scaenica.
1245 348 1305 412 185

234 526 321 609 Ergo
344 521 516 590 abicienda
537 527 587 588 est
607 521 665 587 illa
687 521 811 607 opini03
840 543 899 590 nec
927 528 1034 590 tamen
1056 521 1102 588 ita
1124 523 1305 606 abicienda,

145 634 186 694 ut
206 626 283 694 iecit
305 621 491 706 Ussingius:
521 620 593 708 qui,
624 623 716 705 quasi
739 630 852 691 cuncta
879 623 1095 711 disputatione
1121 623 1201 691 nihil
1229 625 1303 693 elie·

145 725 247 796 eisset
268 726 424 808 Meierus,
453 743 558 806 aequo
580 724 688 791 animo
715 725 852 809 priorem
880 727 971 793 illam
999 744 1107 792 rursus
1136 726 1305 812 amplexus

149 837 201 897 est
222 828 264 896 de
289 829 437 913 Lycurgo
461 826 624 912 Spartiata
648 828 904 912 explicationem.
942 826 1234 916 circumspicienda
1256 835 1306 896 est

150 931 258 999 uerior
279 928 370 996 ratio.
467 933 471 938 ’
600 1009 606 1014 ,

236 1029 359 1109 Quodsi
388 1028 477 1115 apud
506 1029 612 1113 ipsum
633 1029 783 1096 Plautum
809 1031 843 1095 in
866 1029 1009 1117 Captiuis
1032 1050 1061 1096 u.
1085 1032 1147 1094 562
1170 1029 1218 1094 Fl.
1241 1031 1304 1115 Ly-

148 1154 282 1219 curgum
297 1131 477 1199 inuenimus
491 1129 635 1196 insaniae
650 1133 832 1216 exemplum
851 1135 1142 1214 commemoratum,
1161 1123 1221 1197 ‘ubi
1236 1132 1303 1213 qui-

149 1237 222 1302 dem
246 1234 323 1316 quin
345 1231 542 1319 significatus
564 1231 606 1297 sit
628 1232 831 1300 Thracius
860 1233 916 1299 ille
945 1234 1156 1319 Lycurgus
1177 1233 1304 1300 Edono-

146 1359 217 1404 rum
240 1355 299 1402 rex
321 1334 430 1401 Liberi
451 1325 649 1417 contemptor
672 1332 811 1401 dubitari
831 1334 918 1402 nullo
939 1333 1034 1400 modo
1056 1341 1176 1420 potest:
1203 1334 1305 1419 quid?

147 1437 346 1506 Baochidum
368 1437 430 1502 hoo
452 1435 523 1500 loco
551 1455 627 1501 num
657 1435 764 1524 aptius
794 1435 1005 1502 continentiae
1035 1436 1219 1519 exemplum
1240 1436 1303 1503 dis-

148 1540 254 1626 cipulo
269 1541 500 1623 proponentem
521 1537 655 1602 Plautus
675 1535 796 1620 fingere
811 1536 1034 1623 paedagogum
1050 1541 1185 1621 poterat,
1208 1557 1305 1621 quam
1387 1593 1390 1600 .

148 1639 287 1710 eundem
309 1640 490 1723 Lycurgum
504 1637 676 1704 Edonum?
698 1639 812 1720 Neque
835 1639 863 1705 si
878 1638 1049 1720 quaeritur,
1072 1636 1156 1705 unde
1170 1639 1304 1705 Plautus

147 1749 247 1824 atquc
269 1741 302 1824 ii,
327 1739 381 1823 qui
403 1744 601 1823 spectatores
624 1746 740 1822 essent,
763 1761 866 1808 rerum
881 1739 1009 1805 illarum
1024 1739 1210 1806 memoriam
1225 1738 1303 1806 hau-

29 1853 31 1858 '
100 1849 109 1871 ⁸
146 1843 260 1926 serint,
284 1842 455 1925 quicquam
476 1841 671 1908 laboramus.
700 1841 844 1909 Naeuius
866 1841 951 1909 enim
972 1847 1073 1908 totam
1095 1840 1136 1908 de
1157 1842 1304 1927 Lycurgo

148 1945 209 2012 illo
231 1945 352 2010 famam
375 1947 561 2026 persecutus
583 1950 653 2011 erat
675 1963 716 2009 ea
738 1943 919 2027 tragoedia,
941 1962 1024 2025 quae
1039 1943 1081 2010 ab
1103 1942 1174 2026 ipso
1188 1963 1306 2010 nomen

149 2045 327 2130 acecpit31)
350 2045 440 2111 cuius
461 2044 682 2112 recentissima
702 2045 737 2110 in
758 2046 918 2112 mentibus
932 2044 1065 2112 haerere
1078 2044 1219 2112 debebat
1239 2066 1304 2113 me·

146 2147 269 2231 moria,
301 2166 373 2213 cum
395 2145 529 2213 Plautus
551 2146 618 2230 egit
639 2146 818 2214 Bacchides
840 2164 941 2212 suam.
982 2145 1036 2212 Ad
1056 2164 1152 2227 quam
1175 2146 1305 2228 quidem

147 2248 351 2335 tragoediam
388 2247 514 2333 pridem
542 2245 749 2334 Ladewigius
772 2248 921 2342 ‘Analect
950 2265 1053 2314 scaen.
1083 2269 1115 2333 p.
1148 2250 1187 2311 12
1209 2253 1242 2314 et
1265 2253 1304 2312 14

117 2390 123 2396 ·
147 2351 317 2421 uerissime
346 2350 514 2416 rettulerat
544 2356 577 2414 et
605 2349 812 2434 Oaptiaorum
839 2349 930 2415 illum
945 2338 1061 2415 'locum
1091 2345 1123 2415 et
1147 2349 1302 2416 illustrem

148 2454 296 2521 insaniae
329 2449 565 2518 simulationem
592 2451 636 2518 ad
664 2453 777 2536 tragici
805 2450 932 2538 generis
954 2451 1121 2518 ridiculam
1143 2441 1303 2534 quandam

149 2552 397 2622 similitudinem
412 2553 646 2638 adsurgentem,
663 2575 752 2638 quae
767 2553 865 2621 estin
879 2552 1095 2620 Menaechmis
1111 2574 1140 2621 u.
1158 2557 1219 2620 836
1235 2571 1305 2635 sqq.

238 2735 323 2821 Une
341 2751 394 2806 qua
412 2735 474 2791 uide
491 2735 672 2791 Ribbeckium
689 2734 723 2790 de
740 2735 861 2803 tragoed.
881 2734 959 2790 Rom.
978 2751 1005 2805 p.
1019 2739 1128 2789 55—61.
