3080 4748
254 295 256 301 Ι
355 322 397 377 De
414 320 580 376 Bacchidum
598 319 741 376 Plautinae
758 321 952 376 retractatione
970 321 1103 402 scaenica.
1261 319 1300 380 65

237 499 256 576 ξ
280 499 308 559 6.
353 493 591 612 Insequentium
613 491 892 577 grammaticorum
914 490 1071 557 industria
1096 492 1204 559 notis
1226 493 1303 559 ori-

152 595 246 662 tiois
268 595 420 682 passim
442 593 630 661 uersibus
654 592 835 677 appiolis
856 592 1037 659 fabularum
1053 600 1237 660 contextum
1256 614 1303 662 re·

152 698 282 764 censuit.
319 699 432 778 Neque
447 716 524 763 uero
539 696 718 761 mirandum
735 699 782 762 est
805 713 869 761 una
891 713 961 759 cum
984 714 1042 762 usu
1065 700 1210 761 notarum
1232 696 1303 779 illa-

152 819 222 863 rum
244 799 439 866 intellectum
461 798 571 883 paucis
601 796 738 862 saeculis
769 800 843 880 post
870 795 1038 863 euanuisse
1067 816 1187 884 easque
1216 797 1304 880 ipses

152 899 308 985 paulatim
333 899 533 965 librariorum
555 896 701 965 socordia
726 916 834 964 rursus
855 897 1053 964 intercidisse
1066 897 1099 981 ¹).
1143 898 1213 978 Quo
1236 897 1304 981 qni-

109 1073 110 1082 *
153 999 226 1066 dem
243 999 432 1067 detrimento
449 1010 563 1084 sponte
584 999 781 1090 intellegitur
802 998 922 1064 factum
945 1018 1025 1082 esse,
1049 1007 1084 1066 ut
1105 1000 1227 1084 ingenti
1250 1021 1305 1086 ag-

151 1102 237 1168 mine
258 1103 407 1169 uitiorum
437 1106 608 1182 tamquam
623 1121 662 1167 ex
691 1099 816 1166 insidiis
845 1100 983 1167 irruente
1005 1102 1038 1166 in
1060 1101 1187 1167 fabulas
1211 1103 1304 1168 Plan·
1364 1098 1367 1110 '

152 1202 236 1269 tinas
259 1204 440 1269 tristissima
462 1203 535 1269 labe
558 1201 779 1286 confligeretur
802 1202 1033 1287 elegantissimi
1055 1209 1171 1286 poetae
1190 1223 1304 1270 sermo.

152 1305 372 1371 Manifestiora
394 1311 501 1370 tamen
524 1311 614 1369 erant
636 1305 769 1370 uulnera
790 1304 849 1368 illa
870 1303 1042 1370 admodum
1065 1305 1181 1388 muita,
1210 1325 1306 1389 quam

154 1424 237 1487 quae
253 1407 361 1490 fugere
376 1411 507 1491 possent
521 1405 575 1471 uel
591 1404 721 1489 stupida
736 1405 881 1471 exeuntis
903 1406 1103 1486 antiquitatis
1118 1407 1186 1471 siue
1201 1425 1306 1490 gram

153 1507 339 1574 matieorum
355 1509 424 1574 siue
442 1508 644 1572 librariorum
665 1507 805 1586 ingenia.
842 1507 910 1573 Nec
932 1497 1045 1572 desunt
1068 1506 1213 1592 uestigia,
1238 1507 1305 1589 qui-

153 1609 213 1675 bus
236 1615 390 1693 appareat
413 1608 540 1691 cognita
562 1608 679 1673 misera
699 1609 904 1689 lacerataque
919 1607 1070 1674 orationis
1085 1609 1220 1675 metriue
1235 1629 1305 1693 spe-

153 1710 217 1793 cie,
247 1718 283 1774 ut
305 1711 408 1790 qualis
431 1699 495 1789 legi
517 1709 724 1792 intellegique
753 1709 868 1774 saltem
897 1715 1005 1793 posset
1033 1709 1130 1774 talem
1162 1709 1306 1776 restitue·

154 1816 224 1875 rent
238 1829 387 1876 uersuum
403 1817 596 1893 contextum,
620 1831 691 1876 oum
707 1811 812 1877 uarias
828 1830 883 1876 eos
899 1810 1027 1877 molitos
1046 1829 1116 1876 esse
1140 1810 1306 1878 machinas

107 1947 112 1954 ,
144 1915 219 1976 tum
243 1931 389 1977 uersuum
414 1913 481 1978 siue
504 1912 694 1978 traditorum
716 1911 963 1996 transpositione
986 1912 1055 1978 siue
1082 1911 1305 1980 additiciorum

152 2013 397 2096 interpolatione
416 2015 521 2078 soluto
544 2015 772 2079 sententiarum
794 2013 892 2078 nexui
913 2018 949 2078 ut
970 2020 1190 2081 succurrerent
1212 2013 1307 2081 desu-

153 2111 330 2196 dauissel).
365 2114 513 2179 Ceterum
529 2113 800 2178 diasceuastarum
815 2114 952 2196 illorum,
974 2119 1009 2180 ut
1023 2120 1149 2198 uocant,
1173 2116 1307 2183 limandi

154 2213 479 2296 sarciendiquemala
494 2212 649 2281 sedulitas
665 2234 760 2295 quam
779 2219 864 2280 reete
885 2219 1013 2298 putetur
1034 2217 1131 2280 etiam
1154 2216 1202 2282 ad
1218 2223 1306 2283 netu·

153 2315 259 2381 stioris
282 2315 397 2381 aetatis
421 2315 523 2380 bonae
545 2321 641 2398 notae
663 2317 888 2400 grammaticos
913 2316 1120 2402 pertinuisse,
1150 2317 1237 2384 haud
1259 2319 1305 2385 fa-

151 2417 211 2483 oile
234 2416 441 2500 diiudicabis;
464 2437 567 2499 neque
590 2436 667 2520 sane
690 2419 823 2484 multum
845 2424 954 2483 nostra
976 2420 1083 2484 refert.

151 2617 305 2685 beneficio
335 2640 406 2685 cum
438 2569 481 2686 ad
511 2619 720 2704 explicandas
749 2620 889 2686 rationes
918 2621 1091 2689 memoriae
1123 2623 1305 2698 fabularum

150 2721 370 2786 Plautinarum
392 2723 486 2788 nobis
508 2722 646 2788 traditae
668 2728 734 2786 tum
757 2720 800 2786 ad
823 2722 891 2788 eius
917 2721 1034 2806 ipsius,
1065 2742 1161 2806 quam
1190 2743 1305 2807 propo-

151 2823 283 2904 suimus,
306 2823 482 2888 rententiae
499 2823 758 2908 probabilitatem
774 2822 955 2904 aagendam
970 2843 1008 2888 ac
1025 2823 1305 2900 corroborandam.

152 2925 259 3004 Atque
282 2924 388 2989 omnia
411 2927 554 3008 profecto
576 2925 814 3008 simplicissima
836 2925 869 2990 in
891 2923 1025 3008 ipsaque
1047 2943 1082 2989 re
1104 2926 1209 3008 posita
1232 2945 1304 2991 esse

152 3023 308 3107 uidentur,
331 3025 377 3090 ita
392 3032 426 3091 ut
441 3026 507 3092 iam
522 3048 584 3094 non
607 3047 686 3111 opus
709 3027 751 3092 sit
771 3025 872 3093 fusius
894 3025 1071 3093 rationibus
1094 3026 1304 3109 argumentis-

152 3144 215 3208 que
236 3147 319 3210 rem,
343 3145 440 3209 quam
463 3128 697 3207 enarrauimus,
725 3127 886 3211 stabilira3
915 3127 954 3192 de
979 3128 1067 3194 cuius
1089 3148 1215 3194 summa
1237 3131 1306 3212 qui-

153 3226 314 3294 damiam
335 3249 439 3312 nemo,
463 3228 549 3310 quod
571 3229 679 3308 sciam,
703 3227 830 3294 dubitat
851 3249 976 3314 eoram,
1000 3229 1086 3313 apud
1108 3250 1188 3314 quos
1211 3232 1306 3299 buius

153 3330 278 3411 generis
299 3331 459 3415 integrum
482 3340 531 3396 est
552 3349 728 3412 sanumque
750 3331 911 3397 iudicium.

242 3535 264 3596 1)
284 3529 323 3585 cf.
343 3531 373 3585 0.
393 3530 536 3585 Ribbeokii
552 3531 670 3599 prolegg.
688 3547 715 3599 p.
734 3535 788 3586 153.
807 3561 842 3572 —
858 3531 930 3585 Num
948 3533 1086 3585 seruatum
1105 3531 1140 3585 sit
1157 3530 1305 3616 notationis

152 3614 230 3753 {311¹ss
230 3615 387 3755 Γιιῃειιῖιιξὲιέιιι
405 3631 422 3670 a
440 3615 538 3670 Vetere
554 3616 583 3669 in
601 3615 768 3670 Bacchidem
785 3632 812 3671 u.
831 3620 880 3670 lus
904 3615 985 3670 ualde
1009 3616 1117 3684 dubit03
1143 3615 1179 3671 ci.
1199 3615 1305 3670 Ritseh.

240 3790 266 3850 2)
285 3785 325 3842 cf.
345 3785 438 3840 Gaetu.
457 3786 474 3841 l.
492 3786 510 3840 l.
527 3801 554 3855 p.
568 3788 617 3839 265
636 3784 729 3840 adnot.
743 3788 767 3852 2,
785 3801 811 3854 p.
826 3789 883 3841 274.
897 3790 973 3840 315.’

629 3961 833 3970 ——-—.

207 4148 322 4200 Leipziger
334 4149 435 4194 Studien.
461 4148 500 4190 ΙΙΙ.
