3080 4748
347 321 390 376 De
409 323 574 378 Bacchidem
593 323 737 380 Plautinae
753 329 946 384 retractatione
965 332 1098 387 scaenica.
1177 354 1182 362 ·
1256 334 1294 397 85

140 494 383 576 adnectensque
406 495 581 560 orationem
604 495 647 561 ad
670 516 725 580 ea,
756 516 838 579 quac
863 500 991 568 confuse
1014 522 1044 568 u.
1069 509 1129 568 505
1152 506 1297 574 elocutus

139 604 228 678 erat,
252 616 364 662 uerum
384 615 458 682 esse
480 597 662 679 pronuntiat
685 598 851 682 deperdito
872 621 907 668 sc
928 603 1019 668 illam
1042 623 1164 672 amare:
1191 628 1296 691 neque

138 705 248 766 tamen
272 696 306 762 id
328 697 530 781 tempores,
553 705 588 763 ut
611 698 656 781 ei,
681 719 763 781 quae
786 721 857 769 sese
879 705 1049 788 spreuerit,
1077 709 1158 775 ultro
1181 711 1297 778 offerat

58 839 61 847 ·
137 801 211 868 auri
226 799 361 884 copiam.
396 799 511 880 Itaque
526 798 588 866 hoc
603 799 697 867 mbdo
714 822 748 868 se
762 803 852 868 illam
875 805 986 872 ulcisci
1007 808 1101 892 uelle,
1125 817 1160 876 ut
1181 813 1297 896 opibus

139 902 290 984 omnique
305 919 363 986 spe
378 900 535 967 libertatis
558 889 741 968 destituta
732 924 796 970 1am
818 898 889 990 ipsa
912 915 1083 989 cognoscat
1105 914 1201 979 stulte
1223 933 1319 982 sese·-

140 1005 1206 1070 fecisse..
1378 1005 1382 1018 '

226 1104 355 1189 Optime
381 1104 477 1185 igitur
498 1105 614 1182 omnia
642 1125 677 1172 se
706 1106 841 1189 habent,
872 1115 1058 1192 tantumque
1086 1113 1170 1180 inest
1198 1135 1293 1182 uenu-

140 1209 302 1306 stissimac
327 1205 448 1271 ironiae
476 1206 508 1270 in
537 1206 577 1271 ιιι
605 1208 805 1290 potissimum
835 1211 995 1295 uersibus,
1024 1232 1103 1295 quos
1126 1217 1296 1302 Ussingins

141 1309 291 1394 expelli
281 1308 383 1389 iussit,
361 1311 441 1371 tut
462 1326 525 1371 non
547 1307 669 1391 possint
691 1329 754 1374 non
777 1311 1008 1378 Plautinisaimi
1029 1317 1141 1384 uideri.
1187 1320 1294 1401 Atque

140 1409 354 1495 Kiesslingius
376 1427 472 1494 quem
495 1408 580 1474 male
602 1407 813 1493 dispescuerit
834 1431 944 1479 uersus
967 1418 1135 1482 500-510
1164 1441 1294 1488 monere
1334 1449 1351 1466 «²

139 1513 204 1578 iam
221 1531 301 1595 opus
323 1511 381 1576 uix
403 1514 460 1576 est.
498 1512 548 1576 De
570 1510 671 1574 tribus
694 1531 771 1577 uero
794 1513 867 1584 illis,
884 1519 1062 1599 512-514,
1085 1539 1218 1601 quornm
1238 1541 1292 1604 ge-

139 1614 255 1680 mellos
271 1612 465 1693 eosdemque
481 1610 703 1677 miserabiliter
719 1612 869 1680 confictos
884 1623 957 1698 post
972 1621 1034 1680 519
1050 1627 1199 1687 exaratos
1211 1623 1293 1688 Pall.

139 1716 217 1781 libri
240 1714 412 1796 uenditant,
436 1713 552 1794 quibus
572 1711 699 1794 quidem
720 1734 783 1779 una
805 1735 876 1789 cum
899 1717 989 1784 hisce
1008 1717 1073 1784 iam
1095 1725 1169 1787 ante
1184 1723 1317 1802 Riese„

138 1816 274 1897 lingium
296 1815 348 1881 Fr.
365 1813 511 1882 Osannus
533 1811 575 1878 ad
599 1815 869 1898 comprobandam
892 1819 1051 1903 duplicem
1075 1823 1297 1890 recensionem

137 1919 259 1984 abusus
276 1915 386 2000 eratll,
410 1916 487 2000 quid
502 1913 545 1980 ad
562 1916 760 1998 praeclaram
778 1917 943 1986 Ritschelii
966 1909 1212 2007 disputationem
1236 1927 1290 1992 ad·

136 2020 214 2085 dam
238 2019 419 2085 mehercule
441 2038 505 2083 non
527 2015 632 2082 habeo
643 2017 677 2097 ²).

224 2121 336 2186 Restat
358 2119 447 2185 utin
470 2116 620 2186 extremis
643 2137 779 2186 scaenae
802 2122 984 2190 uersiculis:

343 2253 446 2307 Eadem
464 2253 592 2318 exorabo,
612 2249 742 2323 Chrysalo
762 2253 844 2309 canet
862 2270 921 2309 mea

343 2335 478 2391 Paterna
497 2343 600 2391 noceat>
613 2343 676 2402 [neu
695 2338 758 2406 quid
776 2341 801 2394 ei
819 2343 977 2395 suscenseat

343 2422 405 2476 Mea
426 2437 509 2476 causa
526 2421 559 2477 de
577 2428 654 2488 auro]
674 2421 747 2492 qudd
764 2438 825 2477 eum
843 2423 997 2480 ludificatus
1015 2431 1065 2482 est.

343 2505 413 2559 Nam
431 2506 470 2560 illi
487 2505 630 2577 aequomst
646 2524 689 2562 me
707 2509 858 2575 consulere,
878 2510 924 2577 qui
942 2509 1025 2565 caust
1042 2527 1102 2566 mea

343 2591 516 2646 Mendtcium
535 2592 559 2645 ei
577 2592 651 2646 dixit.
680 2609 729 2647 uos
748 2608 790 2647 me
808 2592 957 2660 sequimini.
1242 2603 1291 2652 525

206 2701 456 2895 Μηὲἓῡῗνέιιῖΰιιιι)
467 2767 503 2817 ιιι,
519 2770 544 2817 Α,
561 2779 603 2810 om.
616 2768 665 2810 rell.
688 2765 755 2827 (idem
770 2767 796 2809 El
812 2769 949 2823 ιἰιιιριιιοιι
965 2783 986 2812 ιι.
1001 2772 1071 2823 Apro
1085 2769 1117 2812 illi
1132 2771 1292 2821 Palatinarum,

206 2848 227 2878 ιι.
245 2837 287 2882 622
307 2835 342 2898 [ιθ
357 2848 399 2890 pro
419 2836 445 2878 ai.

137 2970 342 2979 ....-.-—-—-

136 3065 233 3104 corum
255 3049 399 3118 scrupulis.
427 3047 574 3103 Teuffelius
593 3050 663 3103 enim
681 3049 751 3104 Nou.
771 3051 858 3104 annal.
877 3052 895 3104 t.
914 3053 959 3104 113
978 3054 1013 3113 (a.
1030 3051 1104 3116 1816)
1123 3067 1149 3121 p.
1164 3055 1213 3107 530
1231 3051 1291 3122 fut·

135 3134 197 3188 tilia
221 3149 279 3202 pro.
293 3135 392 3203 futoro
416 3133 512 3188 Plauto
538 3133 682 3189 obtrudere
709 3139 824 3190 conatus
847 3135 900 3190 hoc
925 3151 954 3191 se
978 3136 1085 3193 omnino
1109 3152 1163 3190 non
1186 3137 1290 3202 intelle-

134 3233 201 3288 gere
217 3218 368 3289 profitetur.
395 3217 550 3284 Ussingium
562 3219 681 3286 produnt
694 3236 747 3275 non
764 3220 936 3288 intellexisse,
955 3236 1024 3289 quae
1038 3222 1291 3276 commentariorum

135 3321 163 3374 p.
183 3308 233 3357 410
244 3320 282 3373 aq.
301 3295 457 3371 disputauit.
494 3301 547 3355 Sed
563 3319 606 3358 res
624 3305 685 3358 luce
703 3305 809 3359 clarior.
846 3305 924 3359 Haeo
942 3305 1025 3370 enim,
1043 3319 1112 3373 quae
1129 3319 1225 3374 reapse
1241 3307 1290 3374 fu-

137 3394 202 3441 taro
220 3393 305 3452 erant,
323 3387 340 3440 i.
355 3403 377 3441 e.
390 3391 421 3440 ut
432 3385 594 3441 Bacchidem
612 3389 797 3454 ulcisceretur,
815 3395 846 3442 ut
862 3404 958 3442 aurum
975 3388 1107 3454 redderet,
1125 3394 1156 3442 ut
1174 3393 1291 3444 emaum

136 3473 167 3526 in
181 3476 327 3541 egestatem
342 3477 457 3540 cogeret,
476 3471 514 3525 od
526 3470 598 3527 bano
608 3475 724 3540 modom,
743 3474 759 3527 i.
770 3489 793 3528 e.
807 3473 846 3526 ita
860 3479 890 3525 ut
903 3487 1015 3540 prorsus
1030 3473 1182 3530 contrarius
1195 3485 1291 3530 sensus

137 3557 275 3622 euaderet,
294 3557 399 3610 dixerat
416 3571 461 3610 uu.
482 3560 539 3610 505.
559 3562 616 3610 501.
635 3562 692 3612 508.
951 3627 952 3631 ¹
1322 3561 1324 3566 ’

228 3645 251 3707 1)
267 3641 370 3695 Ειιοιι
386 3639 491 3695 factum
509 3655 568 3695 esse
587 3641 681 3708 credo,
705 3641 776 3710 quod
795 3641 826 3695 0.
846 3641 992 3712 Seyffertua
1011 3643 1086 3698 Stnd.
1105 3643 1193 3697 Plaut
1211 3658 1237 3710 p.
1260 3646 1291 3696 10

135 3722 359 3782 ‘remorationis'
371 3731 576 3780 enumeraturus
585 3727 707 3795 exempla
716 3727 801 3794 primo
814 3727 881 3781 adeo
893 3727 955 3782 loco
968 3728 1018 3783 hos
1031 3727 1118 3782 adfert
1131 3725 1289 3780 uersiculos.

224 3813 251 3876 2)
269 3810 364 3880 Neque
377 3809 520 3879 Ussingius
538 3827 564 3864 u.
580 3815 628 3864 513
648 3810 752 3866 adscito
768 3823 805 3866 'ex
822 3811 911 3866 Nonio
925 3812 1057 3884 plumbeo
1075 3825 1124 3880 pro
1142 3809 1242 3864 tradito
1260 3809 1289 3864 in

135 3893 199 3950 libr.
212 3894 328 3966 plumea
346 3895 427 3950 fidem
445 3896 519 3964 apud
535 3909 578 3948 me
596 3893 701 3962 quidem
719 3894 791 3950 fecit.
823 3896 890 3950 Vide
908 3895 1050 3950 Ritsc'helii
1067 3895 1184 3962 Parcrga
1200 3910 1227 3964 p.
1238 3897 1289 3948 420

135 3982 222 4033 -423
241 3979 311 4035 conl.
329 3979 428 4051 Opuse.
446 3981 473 4035 11
490 3996 518 4050 p.
538 3985 588 4035 286
606 3979 681 4048 adn.;
706 3979 805 4036 ibidem
823 3980 957 4044 inuenies,
977 3978 1044 4047 'quid
1062 3979 1098 4034 sit
1115 3979 1289 4035 statuendum

136 4064 170 4119 de
189 4065 363 4120 similitudine
380 4079 508 4120 namnum
527 4069 576 4119 516
594 4069 621 4119 et
639 4067 698 4118 510.
1332 4061 1337 4072 ”
