3080 4748
363 324 405 378 De
422 323 587 378 Bacchidum
605 324 747 378 Plautinae
765 325 958 380 retractatione
975 326 1108 382 scaenica,
1243 325 1304 385 123

153 515 221 578 quc
235 499 329 580 parte
343 493 488 559 uersibus
506 494 684 576 cohaerent,
709 499 743 560 ut
764 498 1002 562 retractatorem
1024 497 1152 562 demum
1174 498 1242 564 ueri
1264 497 1303 562 si-

152 596 264 662 milius
286 595 328 661 sit
355 595 490 661 sublatis
519 593 620 664 tribus
647 595 792 662 uersibus
818 599 982 661 163-165
1002 598 1038 663 R.
1069 596 1148 665 duos
1178 597 1219 665 dc
1247 619 1304 667 suo

154 697 322 764 addidisse
347 700 416 762 132.
442 700 512 776 133.

441 897 684 964 Bacchidum
709 897 915 981 specimen
939 899 1022 964 VIII.

641 1021 687 1063 ae.
700 1019 729 1061 ιιι
747 1031 780 1062 ιι.
794 1023 814 1061 1.

243 1137 263 1215 ξ
286 1138 335 1199 32.
377 1133 528 1216 Sequitur
550 1131 841 1199 manifestissimum
865 1134 1100 1220 dittographiae
1122 1138 1303 1221 exemplum

157 1237 286 1322 saepius
308 1236 350 1301 ab
372 1234 555 1300 hominibus
577 1233 708 1300 eruditis
731 1241 934 1319 temptatum,
958 1235 1187 1321 pedetemptim
1210 1238 1304 1304 simul

156 1340 375 1405 succrescente
391 1355 547 1418 uersuum,
571 1355 651 1418 quoa
672 1342 816 1419 spectare
839 1336 881 1401 ad
905 1336 1064 1422 duplicem
1086 1340 1304 1406 recensionem
1420 1419 1425 1425 ι

157 1446 416 1522 cognosceretur,
446 1437 656 1502 multitudine.
701 1438 750 1504 De
773 1443 880 1504 uetere
907 1444 1013 1504 autem
1041 1438 1180 1519 quodam
1207 1448 1304 1525 poeta

156 1539 300 1605 fabulam
323 1543 514 1604 retractante
526 1538 548 1620 ¹)
571 1537 822 1604 Ritschelius
845 1537 965 1620 primus
987 1541 1145 1622 cogitasse
1167 1541 1302 1625 uidetur,

100 1689 105 1696 .
155 1639 218 1708 hac
232 1640 276 1705 ad
290 1660 343 1706 uu.
359 1643 431 1706 377.
447 1642 508 1704 378
531 1641 565 1704 in
587 1639 727 1706 editione
749 1641 859 1706 notula
879 1638 1021 1706 adiecta:
1045 1661 1106 1702 ooo
1118 1651 1252 1724 poseant
1266 1641 1303 1704 nb

155 1741 264 1803 codem
288 1742 390 1824 positi
411 1761 494 1814 cece,
525 1741 580 1825 qui
604 1760 714 1802 ocreae
734 1737 807 1803 380.
830 1738 893 1804 381
922 1740 1089 1804 scriberet:
1119 1762 1303 1827 quamquam

155 1845 219 1904 ium
248 1864 268 1904 c
291 1841 397 1904 Nonio
427 1841 551 1924 leem),
581 1843 635 1926 qai
658 1843 802 1924 pedorem
831 1841 936 1926 offert.
981 1844 1098 1908 Contra
1120 1843 1303 1928 Guyetus

155 1961 268 2008 uersus
291 1945 457 2008 378-381
483 1944 724 2025 exturbauerat3
751 1943 945 2029 eosdemque
966 1951 1030 2011 tres
1052 1944 1210 2026 geminam
1234 1965 1303 2012 esse

154 2044 374 2110 recensionem
403 2045 537 2110 duorum
567 2047 638 2108 377.
663 2047 723 2108 378
753 2045 989 2111 Teuffelius
1019 2046 1195 2112 autumauit
1224 2049 1302 2113 Mus.
1377 2127 1378 2130 Ἴ

155 2145 259 2210 Rhen.
275 2151 297 2210 t.
313 2145 409 2210 XXX
430 2166 460 2229 p.
477 2149 549 2210 318.
584 2145 717 2211 Versum
733 2148 794 2210 382
817 2164 943 2226 quoque
962 2147 1138 2211 sententiae
1160 2148 1302 2227 aequali-

155 2252 224 2312 tate
251 2247 420 2312 conuenire
449 2266 520 2312 cum
550 2249 610 2311 383
640 2247 847 2331 Bergkius
874 2244 1039 2330 perspexit
1066 2246 1177 2311 Diurn.
1205 2247 1302 2327 antiq.

153 2346 238 2414 stud.
255 2366 284 2411 a.
304 2350 384 2412 1851)
399 2367 429 2430 p.
446 2349 518 2430 330,
540 2349 601 2413 hac
623 2348 716 2413 simul
739 2348 904 2433 proposita
924 2347 1088 2429 utriusque
1110 2345 1304 2413 recensionis

153 2448 374 2532 discriptione:

444 2533 469 2597 Ι.
491 2552 521 2598 ιι.
539 2535 610 2597 375.
629 2536 678 2598 76.
695 2536 744 2598 79.
762 2537 812 2599 80.
829 2536 880 2599 81.
896 2536 945 2599 83.
963 2537 1012 2599 84.

427 2633 466 2697 Il.
490 2654 519 2697 ιι.
537 2637 608 2698 375.
625 2637 675 2698 76.
694 2639 742 2700 79.
760 2639 810 2699 77.
827 2636 877 2698 78.
895 2636 944 2699 82.
961 2637 1018 2718 843

153 2752 218 2814 quo
241 2733 323 2800 duce
337 2733 565 2800 Fleckeisenue
588 2734 676 2800 uncis
699 2734 943 2818 circumscripsit
965 2741 997 2798 et
1018 2754 1128 2800 uersus
1151 2738 1222 2801 377.
1239 2739 1300 2800 378

152 2841 187 2901 et
201 2855 330 2901 uersum
347 2837 418 2902 382.
456 2835 550 2902 Ultra
572 2836 666 2902 etiam
690 2853 875 2920 progressus
895 2833 1090 2899 Goetaius
1113 2834 1153 2898 de
1175 2834 1301 2918 dittogr.

152 2936 258 3001 Plaut.
274 2956 305 3020 p.
322 2939 383 2998 259
396 2955 443 3016 sq.
467 2956 518 3002 ιιιι.
535 2939 682 3002 379-82
705 2937 876 3019 genuinam
891 2933 984 2998 huius
1001 2933 1063 2998 loci
1085 2933 1301 3001 recensionem

151 3057 225 3103 esse
240 3037 361 3119 statuit,
384 3036 580 3102 conlocatam
597 3059 669 3104 eam
685 3038 813 3119 quidem
836 3037 868 3101 in
890 3035 996 3102 medio
1018 3036 1180 3101 retractati
1194 3056 1300 3103 exem·

152 3139 252 3222 plaris
267 3136 454 3221 specimine:
470 3138 511 3203 ad
528 3138 613 3220 quod
628 3140 788 3223 pertinere
802 3147 835 3204 ct
850 3159 901 3205 uu.
914 3139 1081 3203 375-378
1097 3142 1128 3203 et
1144 3140 1214 3204 383.
1229 3143 1301 3205 384.

153 3238 251 3304 Cuius
282 3239 382 3304 uerba
408 3259 470 3304 non
500 3239 578 3304 satis
607 3240 819 3307 considerauit
842 3237 1072 3321 Ussingius,
1102 3238 1156 3318 qui
1178 3239 1302 3304 (loetali

151 3357 188 3405 se
203 3339 356 3422 amplecti
370 3339 559 3405 sententiam
574 3341 735 3424 professus
754 3361 804 3405 uu.
822 3342 989 3404 379-382
1012 3338 1100 3402 uncis
1121 3337 1245 3405 notauit
1266 3348 1301 3405 ut

151 3440 410 3506 retractationem
432 3459 581 3507 uersuum
604 3438 818 3522 ete-378³).

240 3624 266 3686 l)
285 3621 326 3676 cf.
345 3634 425 3689 quam
442 3623 514 3677 idem
532 3623 565 3676 de
583 3623 707 3678 uersibus
726 3624 859 3676 393-403
879 3619 1039 3676 sententiam
1058 3622 1128 3677 tulit.

237 3709 263 3772 2)
282 3705 323 3758 Cf.
342 3721 425 3776 supra
444 3709 459 3774 §
479 3711 503 3760 3.

237 3795 262 3854 3)
282 3790 379 3846 Totam
397 3806 453 3846 rem
471 3805 566 3846 rursus
583 3792 612 3845 in
629 3791 740 3846 dublum
758 3804 858 3845 uocare
877 3796 990 3845 conatus
1008 3793 1049 3844 est
1067 3791 1103 3854 is,
1126 3789 1171 3856 qui
1188 3787 1298 3841 omnino

147 3877 199 3927 aut
215 3873 336 3928 nondum
354 3875 420 3929 eatis
438 3874 588 3943 respexisse
606 3875 714 3929 uidetur
739 3877 787 3929 aut
809 3891 904 3944 parum
928 3876 1121 3942 circumspecte
1144 3870 1297 3924 considera-

148 3959 224 4012 uisse
251 3959 405 4015 uniuersam
434 3975 503 4028 quae
530 3966 572 4013 est
597 3959 630 4012 de
656 3959 808 4014 fabularum
838 3956 1075 4014 retractationibus
1102 3954 1296 4021 coniecturam,

147 4042 181 4095 F.
199 4043 233 4098 V.
252 4043 490 4098 Fritaschiue:
510 4060 536 4097 ιι.
554 4043 609 4096 ind.
628 4043 755 4097 Rostoch.
775 4059 800 4097 a.
822 4048 928 4111 1877178
946 4059 972 4111 p.
986 4046 1050 4106 δερ.
