<?xml version="1.0" encoding="UTF-8"?>
<!DOCTYPE html PUBLIC "-//W3C//DTD XHTML 1.0 Transitional//EN"
    "http://www.w3.org/TR/xhtml1/DTD/xhtml1-transitional.dtd">
<html xmlns="http://www.w3.org/1999/xhtml" xml:lang="en" lang="en">
 <head>
  <title>
</title>
<meta http-equiv="Content-Type" content="text/html;charset=utf-8" />
  <meta name='ocr-system' content='tesseract 3.04.00' />
  <meta name='ocr-capabilities' content='ocr_page ocr_carea ocr_par ocr_line ocrx_word'/>
</head>
<body>
  <div class='ocr_page' id='page_1' title='image "./debacchidumplau00bracgoog_0025.png"; bbox 0 0 3080 4748; ppageno 0'>
   <div class='ocr_carea' id='block_1_1' title="bbox 247 357 1065 427">
    <p class='ocr_par' dir='ltr' id='par_1_1' title="bbox 247 357 1065 427">
     <span class='ocr_line' id='line_1_1' title="bbox 247 357 1065 427; baseline 0.001 -14"><span class='ocrx_word' id='word_1_1' title='bbox 247 365 290 427; x_wconf 73' lang='lat'>70</span> <span class='ocrx_word' id='word_1_2' title='bbox 649 357 826 414; x_wconf 77' lang='lat' dir='ltr'>(iucltherius</span> <span class='ocrx_word' id='word_1_3' title='bbox 844 359 1015 414; x_wconf 84' lang='lat' dir='ltr'>Brachmann</span> <span class='ocrx_word' id='word_1_4' title='bbox 1057 371 1065 382; x_wconf 78' lang='lat'><strong><em>‘</em></strong></span> 
     </span>
    </p>
   </div>
   <div class='ocr_carea' id='block_1_2' title="bbox 169 529 1470 1225">
    <p class='ocr_par' dir='ltr' id='par_1_2' title="bbox 169 529 1470 1225">
     <span class='ocr_line' id='line_1_2' title="bbox 246 529 1399 615; baseline -0.007 -10"><span class='ocrx_word' id='word_1_5' title='bbox 246 540 281 605; x_wconf 94' lang='lat' dir='ltr'>in</span> <span class='ocrx_word' id='word_1_6' title='bbox 297 541 363 603; x_wconf 88' lang='lat' dir='ltr'>toto</span> <span class='ocrx_word' id='word_1_7' title='bbox 378 532 436 600; x_wconf 91' lang='lat' dir='ltr'>illo</span> <span class='ocrx_word' id='word_1_8' title='bbox 454 530 534 613; x_wconf 93' lang='lat' dir='ltr'>loco,</span> <span class='ocrx_word' id='word_1_9' title='bbox 557 529 612 615; x_wconf 88' lang='lat' dir='ltr'>qui</span> <span class='ocrx_word' id='word_1_10' title='bbox 635 536 685 597; x_wconf 90' lang='lat' dir='ltr'>est</span> <span class='ocrx_word' id='word_1_11' title='bbox 707 529 747 596; x_wconf 89' lang='lat' dir='ltr'>de</span> <span class='ocrx_word' id='word_1_12' title='bbox 770 529 928 598; x_wconf 86' lang='lat' dir='ltr'>educandi</span> <span class='ocrx_word' id='word_1_13' title='bbox 950 531 1081 612; x_wconf 89' lang='lat' dir='ltr'>antiqua</span> <span class='ocrx_word' id='word_1_14' title='bbox 1103 532 1235 614; x_wconf 88' lang='lat' dir='ltr'>ratione,</span> <span class='ocrx_word' id='word_1_15' title='bbox 1258 535 1293 597; x_wconf 93' lang='lat' dir='ltr'>ut</span> <span class='ocrx_word' id='word_1_16' title='bbox 1315 550 1399 614; x_wconf 85' lang='lat' dir='ltr'>quae</span> 
     </span>
     <span class='ocr_line' id='line_1_3' title="bbox 169 631 1400 720; baseline -0.008 -14"><span class='ocrx_word' id='word_1_17' title='bbox 169 669 171 672; x_wconf 96' lang='lat'>·</span> <span class='ocrx_word' id='word_1_18' title='bbox 249 637 388 706; x_wconf 88' lang='lat' dir='ltr'>maxime</span> <span class='ocrx_word' id='word_1_19' title='bbox 402 632 542 720; x_wconf 81' lang='lat' dir='ltr'>genuina</span> <span class='ocrx_word' id='word_1_20' title='bbox 557 652 629 701; x_wconf 91' lang='lat' dir='ltr'>esse</span> <span class='ocrx_word' id='word_1_21' title='bbox 642 632 715 719; x_wconf 87' lang='lat' dir='ltr'>ipsa</span> <span class='ocrx_word' id='word_1_22' title='bbox 730 651 813 714; x_wconf 88' lang='lat' dir='ltr'>qnae</span> <span class='ocrx_word' id='word_1_23' title='bbox 828 631 862 698; x_wconf 95' lang='lat' dir='ltr'>in</span> <span class='ocrx_word' id='word_1_24' title='bbox 875 633 980 716; x_wconf 90' lang='lat' dir='ltr'>rebus,</span> <span class='ocrx_word' id='word_1_25' title='bbox 1004 632 1120 715; x_wconf 91' lang='lat' dir='ltr'>uerbis,</span> <span class='ocrx_word' id='word_1_26' title='bbox 1143 631 1283 699; x_wconf 93' lang='lat' dir='ltr'>numeris</span> <span class='ocrx_word' id='word_1_27' title='bbox 1301 633 1400 699; x_wconf 91' lang='lat' dir='ltr'>enitet</span> 
     </span>
     <span class='ocr_line' id='line_1_4' title="bbox 246 735 1399 819; baseline -0.009 -11"><span class='ocrx_word' id='word_1_28' title='bbox 246 759 374 808; x_wconf 87' lang='lat' dir='ltr'>summa</span> <span class='ocrx_word' id='word_1_29' title='bbox 395 756 448 803; x_wconf 88' lang='lat' dir='ltr'>ars</span> <span class='ocrx_word' id='word_1_30' title='bbox 470 735 614 818; x_wconf 89' lang='lat' dir='ltr'>satisque</span> <span class='ocrx_word' id='word_1_31' title='bbox 643 735 760 801; x_wconf 85' lang='lat' dir='ltr'>festina</span> <span class='ocrx_word' id='word_1_32' title='bbox 790 735 952 819; x_wconf 82' lang='lat' dir='ltr'>elegantia</span> <span class='ocrx_word' id='word_1_33' title='bbox 981 735 1169 802; x_wconf 89' lang='lat' dir='ltr'>documento</span> <span class='ocrx_word' id='word_1_34' title='bbox 1200 739 1264 816; x_wconf 93' lang='lat' dir='ltr'>est,</span> <span class='ocrx_word' id='word_1_35' title='bbox 1294 751 1399 815; x_wconf 89' lang='lat' dir='ltr'>neque</span> 
     </span>
     <span class='ocr_line' id='line_1_5' title="bbox 248 835 1470 926; baseline -0.005 -19"><span class='ocrx_word' id='word_1_36' title='bbox 248 842 348 908; x_wconf 89' lang='lat' dir='ltr'>ullum</span> <span class='ocrx_word' id='word_1_37' title='bbox 369 845 537 926; x_wconf 89' lang='lat' dir='ltr'>praeterea</span> <span class='ocrx_word' id='word_1_38' title='bbox 558 835 728 916; x_wconf 83' lang='lat' dir='ltr'>uestigium</span> <span class='ocrx_word' id='word_1_39' title='bbox 751 841 859 902; x_wconf 85' lang='lat' dir='ltr'>exstat</span> <span class='ocrx_word' id='word_1_40' title='bbox 880 835 1017 922; x_wconf 92' lang='lat' dir='ltr'>duplicis</span> <span class='ocrx_word' id='word_1_41' title='bbox 1038 835 1241 907; x_wconf 75' lang='lat' dir='ltr'>recensionis.</span> <span class='ocrx_word' id='word_1_42' title='bbox 1285 835 1399 916; x_wconf 90' lang='lat' dir='ltr'>ltaque</span> <span class='ocrx_word' id='word_1_43' title='bbox 1467 867 1470 872; x_wconf 39' lang='lat'>¹</span> 
     </span>
     <span class='ocr_line' id='line_1_6' title="bbox 248 936 1399 1028; baseline -0.007 -18"><span class='ocrx_word' id='word_1_44' title='bbox 248 943 409 1028; x_wconf 79' lang='lat' dir='ltr'>Guyetum</span> <span class='ocrx_word' id='word_1_45' title='bbox 431 938 537 1006; x_wconf 91' lang='lat' dir='ltr'>iudico</span> <span class='ocrx_word' id='word_1_46' title='bbox 559 937 651 1002; x_wconf 91' lang='lat' dir='ltr'>unice</span> <span class='ocrx_word' id='word_1_47' title='bbox 673 951 784 1002; x_wconf 87' lang='lat' dir='ltr'>uerum</span> <span class='ocrx_word' id='word_1_48' title='bbox 805 939 1015 1023; x_wconf 80' lang='lat' dir='ltr'>perspexisse,</span> <span class='ocrx_word' id='word_1_49' title='bbox 1041 955 1233 1019; x_wconf 90' lang='lat' dir='ltr'>uersumque</span> <span class='ocrx_word' id='word_1_50' title='bbox 1256 936 1399 1021; x_wconf 89' lang='lat' dir='ltr'>spurium</span> 
     </span>
     <span class='ocr_line' id='line_1_7' title="bbox 246 1036 1399 1122; baseline -0.008 -11"><span class='ocrx_word' id='word_1_51' title='bbox 246 1052 281 1112; x_wconf 89' lang='lat' dir='ltr'>et</span> <span class='ocrx_word' id='word_1_52' title='bbox 301 1043 462 1110; x_wconf 88' lang='lat' dir='ltr'>inficetum</span> <span class='ocrx_word' id='word_1_53' title='bbox 485 1037 527 1103; x_wconf 90' lang='lat' dir='ltr'>ad</span> <span class='ocrx_word' id='word_1_54' title='bbox 549 1036 790 1104; x_wconf 90' lang='lat' dir='ltr'>similitudinem</span> <span class='ocrx_word' id='word_1_55' title='bbox 821 1037 950 1119; x_wconf 89' lang='lat' dir='ltr'>quidem</span> <span class='ocrx_word' id='word_1_56' title='bbox 979 1056 1089 1103; x_wconf 89' lang='lat' dir='ltr'>uersus</span> <span class='ocrx_word' id='word_1_57' title='bbox 1113 1041 1169 1122; x_wconf 83' lang='lat'>56,</span> <span class='ocrx_word' id='word_1_58' title='bbox 1198 1044 1234 1103; x_wconf 91' lang='lat' dir='ltr'>ut</span> <span class='ocrx_word' id='word_1_59' title='bbox 1261 1037 1399 1122; x_wconf 89' lang='lat' dir='ltr'>uidetur,</span> 
     </span>
     <span class='ocr_line' id='line_1_8' title="bbox 245 1137 777 1225; baseline -0.015 -13"><span class='ocrx_word' id='word_1_60' title='bbox 245 1144 414 1212; x_wconf 90' lang='lat' dir='ltr'>confictum</span> <span class='ocrx_word' id='word_1_61' title='bbox 437 1138 663 1225; x_wconf 87' lang='lat' dir='ltr'>expellendum</span> <span class='ocrx_word' id='word_1_62' title='bbox 687 1137 777 1206; x_wconf 91' lang='lat' dir='ltr'>duco.</span> 
     </span>
    </p>
   </div>
   <div class='ocr_carea' id='block_1_3' title="bbox 717 1291 920 1302">
    <p class='ocr_par' dir='ltr' id='par_1_3' title="bbox 717 1291 920 1302">
     <span class='ocr_line' id='line_1_9' title="bbox 717 1291 920 1302; baseline 0 0"><span class='ocrx_word' id='word_1_63' title='bbox 717 1291 920 1302; x_wconf 68' lang='lat' dir='ltr'><strong>—u———n—</strong></span> 
     </span>
    </p>
   </div>
   <div class='ocr_carea' id='block_1_4' title="bbox 246 1374 1412 1870">
    <p class='ocr_par' dir='ltr' id='par_1_4' title="bbox 246 1374 1412 1870">
     <span class='ocr_line' id='line_1_10' title="bbox 332 1374 1397 1461; baseline 0 -19"><span class='ocrx_word' id='word_1_64' title='bbox 332 1381 352 1460; x_wconf 65' lang='lat'>5</span> <span class='ocrx_word' id='word_1_65' title='bbox 374 1381 403 1443; x_wconf 84' lang='lat'>9.</span> <span class='ocrx_word' id='word_1_66' title='bbox 437 1378 506 1443; x_wconf 87' lang='lat' dir='ltr'>lam</span> <span class='ocrx_word' id='word_1_67' title='bbox 527 1376 599 1461; x_wconf 89' lang='lat' dir='ltr'>ipse</span> <span class='ocrx_word' id='word_1_68' title='bbox 620 1374 858 1443; x_wconf 82' lang='lat' dir='ltr'>Fridericus</span> <span class='ocrx_word' id='word_1_69' title='bbox 879 1374 1146 1459; x_wconf 89' lang='lat' dir='ltr'>Ritschelius,</span> <span class='ocrx_word' id='word_1_70' title='bbox 1170 1396 1241 1442; x_wconf 89' lang='lat' dir='ltr'>cum</span> <span class='ocrx_word' id='word_1_71' title='bbox 1264 1375 1397 1442; x_wconf 88' lang='lat' dir='ltr'>Bacchi·</span> 
     </span>
     <span class='ocr_line' id='line_1_11' title="bbox 247 1477 1396 1563; baseline -0.003 -15"><span class='ocrx_word' id='word_1_72' title='bbox 247 1481 324 1548; x_wconf 90' lang='lat' dir='ltr'>dum</span> <span class='ocrx_word' id='word_1_73' title='bbox 345 1477 563 1547; x_wconf 76' lang='lat' dir='ltr'>recensionem</span> <span class='ocrx_word' id='word_1_74' title='bbox 585 1498 668 1545; x_wconf 91' lang='lat' dir='ltr'>anno</span> <span class='ocrx_word' id='word_1_75' title='bbox 695 1479 774 1542; x_wconf 81' lang='grc'><strong>1849</strong></span> <span class='ocrx_word' id='word_1_76' title='bbox 797 1477 985 1562; x_wconf 89' lang='lat' dir='ltr'>institueret,</span> <span class='ocrx_word' id='word_1_77' title='bbox 1007 1477 1167 1544; x_wconf 91' lang='lat' dir='ltr'>nonnullis</span> <span class='ocrx_word' id='word_1_78' title='bbox 1190 1477 1269 1544; x_wconf 92' lang='lat' dir='ltr'>locis</span> <span class='ocrx_word' id='word_1_79' title='bbox 1290 1483 1396 1563; x_wconf 91' lang='lat' dir='ltr'>poste-</span> 
     </span>
     <span class='ocr_line' id='line_1_12' title="bbox 246 1577 1397 1664; baseline -0.007 -14"><span class='ocrx_word' id='word_1_80' title='bbox 246 1581 339 1650; x_wconf 84' lang='lat' dir='ltr'>rioris</span> <span class='ocrx_word' id='word_1_81' title='bbox 361 1579 525 1648; x_wconf 91' lang='lat' dir='ltr'>cuiusdam</span> <span class='ocrx_word' id='word_1_82' title='bbox 547 1584 663 1664; x_wconf 90' lang='lat' dir='ltr'>poetae</span> <span class='ocrx_word' id='word_1_83' title='bbox 683 1578 784 1664; x_wconf 89' lang='lat' dir='ltr'>ipsius</span> <span class='ocrx_word' id='word_1_84' title='bbox 807 1596 934 1661; x_wconf 90' lang='lat' dir='ltr'>quoque</span> <span class='ocrx_word' id='word_1_85' title='bbox 957 1577 1032 1645; x_wconf 94' lang='lat' dir='ltr'>boni</span> <span class='ocrx_word' id='word_1_86' title='bbox 1058 1583 1090 1646; x_wconf 89' lang='lat' dir='ltr'>ct</span> <span class='ocrx_word' id='word_1_87' title='bbox 1118 1579 1240 1660; x_wconf 84' lang='lat' dir='ltr'>antiqui</span> <span class='ocrx_word' id='word_1_88' title='bbox 1269 1599 1397 1644; x_wconf 91' lang='lat' dir='ltr'>manum</span> 
     </span>
     <span class='ocr_line' id='line_1_13' title="bbox 246 1677 1412 1768; baseline -0.005 -18"><span class='ocrx_word' id='word_1_89' title='bbox 246 1683 394 1768; x_wconf 80' lang='lat' dir='ltr'>agnouit,</span> <span class='ocrx_word' id='word_1_90' title='bbox 424 1681 619 1762; x_wconf 86' lang='lat' dir='ltr'>reliquarum</span> <span class='ocrx_word' id='word_1_91' title='bbox 641 1683 748 1745; x_wconf 89' lang='lat' dir='ltr'>autem</span> <span class='ocrx_word' id='word_1_92' title='bbox 770 1679 803 1744; x_wconf 93' lang='lat' dir='ltr'>in</span> <span class='ocrx_word' id='word_1_93' title='bbox 826 1680 1006 1746; x_wconf 85' lang='lat' dir='ltr'>fabularum</span> <span class='ocrx_word' id='word_1_94' title='bbox 1029 1680 1180 1766; x_wconf 80' lang='lat' dir='ltr'>deinceps</span> <span class='ocrx_word' id='word_1_95' title='bbox 1201 1677 1412 1760; x_wconf 28' lang='lat' dir='ltr'>edendarum·</span> 
     </span>
     <span class='ocr_line' id='line_1_14' title="bbox 247 1779 1396 1870; baseline -0.005 -18"><span class='ocrx_word' id='word_1_96' title='bbox 247 1787 374 1870; x_wconf 81' lang='lat' dir='ltr'>negotio</span> <span class='ocrx_word' id='word_1_97' title='bbox 398 1783 471 1847; x_wconf 92' lang='lat' dir='ltr'>dum</span> <span class='ocrx_word' id='word_1_98' title='bbox 495 1787 656 1860; x_wconf 89' lang='lat' dir='ltr'>uersatur,</span> <span class='ocrx_word' id='word_1_99' title='bbox 687 1799 745 1845; x_wconf 90' lang='lat' dir='ltr'>usu</span> <span class='ocrx_word' id='word_1_100' title='bbox 768 1779 871 1861; x_wconf 83' lang='lat' dir='ltr'>magis</span> <span class='ocrx_word' id='word_1_101' title='bbox 901 1781 1066 1864; x_wconf 82' lang='lat' dir='ltr'>magisque</span> <span class='ocrx_word' id='word_1_102' title='bbox 1096 1781 1270 1864; x_wconf 85' lang='lat' dir='ltr'>intellexit,</span> <span class='ocrx_word' id='word_1_103' title='bbox 1300 1801 1396 1863; x_wconf 89' lang='lat' dir='ltr'>quam</span> 
     </span>
    </p>
   </div>
   <div class='ocr_carea' id='block_1_5' title="bbox 142 1879 1397 1964">
    <p class='ocr_par' dir='ltr' id='par_1_5' title="bbox 142 1879 1397 1964">
     <span class='ocr_line' id='line_1_15' title="bbox 142 1879 1397 1964; baseline -0.002 -13"><span class='ocrx_word' id='word_1_104' title='bbox 142 1929 156 1938; x_wconf 90' lang='lat'>-</span> <span class='ocrx_word' id='word_1_105' title='bbox 248 1887 348 1953; x_wconf 91' lang='lat' dir='ltr'>multa</span> <span class='ocrx_word' id='word_1_106' title='bbox 363 1881 598 1950; x_wconf 84' lang='lat' dir='ltr'>retractationis</span> <span class='ocrx_word' id='word_1_107' title='bbox 620 1882 757 1964; x_wconf 82' lang='lat' dir='ltr'>uestigia</span> <span class='ocrx_word' id='word_1_108' title='bbox 779 1900 848 1946; x_wconf 87' lang='lat' dir='ltr'>cum</span> <span class='ocrx_word' id='word_1_109' title='bbox 871 1879 915 1946; x_wconf 92' lang='lat' dir='ltr'>ad</span> <span class='ocrx_word' id='word_1_110' title='bbox 937 1881 1034 1947; x_wconf 92' lang='lat' dir='ltr'>totius</span> <span class='ocrx_word' id='word_1_111' title='bbox 1056 1882 1190 1948; x_wconf 90' lang='lat' dir='ltr'>alicuius</span> <span class='ocrx_word' id='word_1_112' title='bbox 1212 1881 1397 1949; x_wconf 90' lang='lat' dir='ltr'>comoediae</span> 
     </span>
    </p>
   </div>
   <div class='ocr_carea' id='block_1_6' title="bbox 246 1981 1396 2171">
    <p class='ocr_par' dir='ltr' id='par_1_6' title="bbox 246 1981 1396 2171">
     <span class='ocr_line' id='line_1_16' title="bbox 246 1981 1395 2068; baseline -0.007 -14"><span class='ocrx_word' id='word_1_113' title='bbox 246 1985 412 2054; x_wconf 88' lang='lat' dir='ltr'>consilium</span> <span class='ocrx_word' id='word_1_114' title='bbox 428 2003 466 2048; x_wconf 89' lang='lat' dir='ltr'>ac</span> <span class='ocrx_word' id='word_1_115' title='bbox 481 1981 721 2066; x_wconf 87' lang='lat' dir='ltr'>dispositionem</span> <span class='ocrx_word' id='word_1_116' title='bbox 745 1982 920 2067; x_wconf 90' lang='lat' dir='ltr'>spectantis</span> <span class='ocrx_word' id='word_1_117' title='bbox 942 1989 1009 2050; x_wconf 91' lang='lat' dir='ltr'>tum</span> <span class='ocrx_word' id='word_1_118' title='bbox 1031 1983 1064 2048; x_wconf 96' lang='lat' dir='ltr'>in</span> <span class='ocrx_word' id='word_1_119' title='bbox 1086 1983 1219 2066; x_wconf 87' lang='lat' dir='ltr'>singulis</span> <span class='ocrx_word' id='word_1_120' title='bbox 1241 1983 1320 2049; x_wconf 93' lang='lat' dir='ltr'>locis</span> <span class='ocrx_word' id='word_1_121' title='bbox 1341 1989 1395 2068; x_wconf 72' lang='lat' dir='ltr'>gd-</span> 
     </span>
     <span class='ocr_line' id='line_1_17' title="bbox 246 2083 1396 2171; baseline -0.005 -17"><span class='ocrx_word' id='word_1_122' title='bbox 246 2085 390 2154; x_wconf 92' lang='lat' dir='ltr'>minatim</span> <span class='ocrx_word' id='word_1_123' title='bbox 413 2083 525 2171; x_wconf 89' lang='lat' dir='ltr'>positis</span> <span class='ocrx_word' id='word_1_124' title='bbox 548 2083 739 2167; x_wconf 83' lang='lat' dir='ltr'>conspicuae</span> <span class='ocrx_word' id='word_1_125' title='bbox 764 2083 946 2152; x_wconf 87' lang='lat' dir='ltr'>etiamnunc</span> <span class='ocrx_word' id='word_1_126' title='bbox 975 2091 1152 2152; x_wconf 85' lang='lat' dir='ltr'>exstarent:</span> <span class='ocrx_word' id='word_1_127' title='bbox 1183 2083 1272 2151; x_wconf 91' lang='lat' dir='ltr'>ouius</span> <span class='ocrx_word' id='word_1_128' title='bbox 1299 2084 1396 2168; x_wconf 92' lang='lat' dir='ltr'>inspi-</span> 
     </span>
    </p>
   </div>
   <div class='ocr_carea' id='block_1_7' title="bbox 199 2171 1526 2878">
    <p class='ocr_par' dir='ltr' id='par_1_7' title="bbox 199 2171 1526 2878">
     <span class='ocr_line' id='line_1_18' title="bbox 244 2171 1526 2273; baseline -0.005 -17"><span class='ocrx_word' id='word_1_129' title='bbox 244 2187 380 2256; x_wconf 89' lang='lat' dir='ltr'>ciendae</span> <span class='ocrx_word' id='word_1_130' title='bbox 402 2193 474 2256; x_wconf 92' lang='lat' dir='ltr'>sunt</span> <span class='ocrx_word' id='word_1_131' title='bbox 496 2185 711 2273; x_wconf 84' lang='lat' dir='ltr'>praefationes</span> <span class='ocrx_word' id='word_1_132' title='bbox 740 2186 782 2252; x_wconf 93' lang='lat' dir='ltr'>ad</span> <span class='ocrx_word' id='word_1_133' title='bbox 804 2187 948 2255; x_wconf 86' lang='lat' dir='ltr'>Stichum</span> <span class='ocrx_word' id='word_1_134' title='bbox 978 2193 1009 2255; x_wconf 91' lang='lat' dir='ltr'>et</span> <span class='ocrx_word' id='word_1_135' title='bbox 1034 2189 1165 2254; x_wconf 87' lang='lat' dir='ltr'>Persam</span> <span class='ocrx_word' id='word_1_136' title='bbox 1194 2185 1396 2268; x_wconf 89' lang='lat' dir='ltr'>omniumque</span> <span class='ocrx_word' id='word_1_137' title='bbox 1525 2171 1526 2234; x_wconf 61' lang='lat' dir='ltr'>i</span> 
     </span>
     <span class='ocr_line' id='line_1_19' title="bbox 246 2286 1526 2372; baseline -0.004 -14"><span class='ocrx_word' id='word_1_138' title='bbox 246 2292 387 2359; x_wconf 88' lang='lat' dir='ltr'>maxime</span> <span class='ocrx_word' id='word_1_139' title='bbox 408 2289 542 2369; x_wconf 80' lang='lat' dir='ltr'>insignis</span> <span class='ocrx_word' id='word_1_140' title='bbox 564 2287 607 2353; x_wconf 94' lang='lat' dir='ltr'>ad</span> <span class='ocrx_word' id='word_1_141' title='bbox 625 2287 843 2371; x_wconf 89' lang='lat' dir='ltr'>Mercatorem,</span> <span class='ocrx_word' id='word_1_142' title='bbox 867 2289 923 2354; x_wconf 93' lang='lat' dir='ltr'>ubi</span> <span class='ocrx_word' id='word_1_143' title='bbox 944 2289 1064 2372; x_wconf 90' lang='lat' dir='ltr'>primus</span> <span class='ocrx_word' id='word_1_144' title='bbox 1086 2288 1142 2353; x_wconf 92' lang='lat' dir='ltr'>ille</span> <span class='ocrx_word' id='word_1_145' title='bbox 1164 2288 1259 2353; x_wconf 88' lang='lat' dir='ltr'>certis</span> <span class='ocrx_word' id='word_1_146' title='bbox 1280 2286 1397 2354; x_wconf 89' lang='lat' dir='ltr'>finibus</span> <span class='ocrx_word' id='word_1_147' title='bbox 1525 2359 1526 2362; x_wconf 47' lang='lat'>,</span> 
     </span>
     <span class='ocr_line' id='line_1_20' title="bbox 201 2385 1397 2473; baseline -0.002 -16"><span class='ocrx_word' id='word_1_148' title='bbox 201 2387 206 2398; x_wconf 82' lang='lat'>&#39;</span> <span class='ocrx_word' id='word_1_149' title='bbox 244 2389 492 2473; x_wconf 88' lang='lat' dir='ltr'>circumscripsit</span> <span class='ocrx_word' id='word_1_150' title='bbox 515 2385 713 2469; x_wconf 83' lang='lat' dir='ltr'>corruptelae</span> <span class='ocrx_word' id='word_1_151' title='bbox 738 2386 819 2451; x_wconf 91' lang='lat' dir='ltr'>illud</span> <span class='ocrx_word' id='word_1_152' title='bbox 847 2407 964 2471; x_wconf 83' lang='lat' dir='ltr'>genus,</span> <span class='ocrx_word' id='word_1_153' title='bbox 995 2388 1081 2470; x_wconf 90' lang='lat' dir='ltr'>quod</span> <span class='ocrx_word' id='word_1_154' title='bbox 1110 2389 1397 2473; x_wconf 86' lang='lat' dir='ltr'>dittographiarum</span> 
     </span>
     <span class='ocr_line' id='line_1_21' title="bbox 199 2486 1466 2576; baseline -0.001 -20"><span class='ocrx_word' id='word_1_155' title='bbox 199 2513 202 2522; x_wconf 92' lang='lat'>·</span> <span class='ocrx_word' id='word_1_156' title='bbox 246 2511 288 2556; x_wconf 88' lang='lat' dir='ltr'>ex</span> <span class='ocrx_word' id='word_1_157' title='bbox 310 2491 382 2576; x_wconf 92' lang='lat' dir='ltr'>ipsa</span> <span class='ocrx_word' id='word_1_158' title='bbox 403 2488 593 2570; x_wconf 90' lang='lat' dir='ltr'>antiquitate</span> <span class='ocrx_word' id='word_1_159' title='bbox 615 2486 858 2572; x_wconf 89' lang='lat' dir='ltr'>repetendarum</span> <span class='ocrx_word' id='word_1_160' title='bbox 877 2491 933 2556; x_wconf 91' lang='lat' dir='ltr'>nel</span> <span class='ocrx_word' id='word_1_161' title='bbox 955 2489 1102 2574; x_wconf 84' lang='lat' dir='ltr'>geminae</span> <span class='ocrx_word' id='word_1_162' title='bbox 1124 2489 1319 2556; x_wconf 90' lang='lat' dir='ltr'>recensionis</span> <span class='ocrx_word' id='word_1_163' title='bbox 1341 2509 1395 2555; x_wconf 93' lang='lat' dir='ltr'>no·</span> <span class='ocrx_word' id='word_1_164' title='bbox 1462 2520 1466 2526; x_wconf 95' lang='lat'><em>·</em></span> 
     </span>
     <span class='ocr_line' id='line_1_22' title="bbox 246 2585 1526 2676; baseline -0.002 -18"><span class='ocrx_word' id='word_1_165' title='bbox 246 2593 333 2658; x_wconf 88' lang='lat' dir='ltr'>mine</span> <span class='ocrx_word' id='word_1_166' title='bbox 349 2587 616 2676; x_wconf 90' lang='lat' dir='ltr'>comprehendere</span> <span class='ocrx_word' id='word_1_167' title='bbox 631 2591 680 2656; x_wconf 86' lang='lat' dir='ltr'>ias</span> <span class='ocrx_word' id='word_1_168' title='bbox 697 2589 754 2655; x_wconf 90' lang='lat' dir='ltr'>sit:</span> <span class='ocrx_word' id='word_1_169' title='bbox 777 2609 843 2655; x_wconf 91' lang='lat' dir='ltr'>rem</span> <span class='ocrx_word' id='word_1_170' title='bbox 866 2591 911 2658; x_wconf 90' lang='lat' dir='ltr'>ita</span> <span class='ocrx_word' id='word_1_171' title='bbox 933 2599 1160 2676; x_wconf 84' lang='lat' dir='ltr'>comparatam,</span> <span class='ocrx_word' id='word_1_172' title='bbox 1183 2591 1310 2673; x_wconf 89' lang='lat' dir='ltr'>qualem</span> <span class='ocrx_word' id='word_1_173' title='bbox 1333 2612 1397 2658; x_wconf 95' lang='lat' dir='ltr'>non</span> <span class='ocrx_word' id='word_1_174' title='bbox 1525 2585 1526 2630; x_wconf 53' lang='lat' dir='ltr'>l</span> 
     </span>
     <span class='ocr_line' id='line_1_23' title="bbox 246 2681 1526 2778; baseline -0.001 -19"><span class='ocrx_word' id='word_1_175' title='bbox 246 2692 393 2759; x_wconf 89' lang='lat' dir='ltr'>desinent</span> <span class='ocrx_word' id='word_1_176' title='bbox 417 2710 488 2756; x_wconf 91' lang='lat' dir='ltr'>oum</span> <span class='ocrx_word' id='word_1_177' title='bbox 510 2681 628 2776; x_wconf 82' lang='lat' dir='ltr'>magno</span> <span class='ocrx_word' id='word_1_178' title='bbox 650 2689 813 2758; x_wconf 87' lang='lat' dir='ltr'>doctrinae</span> <span class='ocrx_word' id='word_1_179' title='bbox 835 2692 937 2760; x_wconf 82' lang='lat' dir='ltr'>fructu</span> <span class='ocrx_word' id='word_1_180' title='bbox 959 2692 1087 2778; x_wconf 89' lang='lat' dir='ltr'>penitus</span> <span class='ocrx_word' id='word_1_181' title='bbox 1110 2695 1207 2761; x_wconf 91' lang='lat' dir='ltr'>menti</span> <span class='ocrx_word' id='word_1_182' title='bbox 1232 2692 1395 2775; x_wconf 88' lang='lat' dir='ltr'>mandare,</span> <span class='ocrx_word' id='word_1_183' title='bbox 1525 2685 1526 2732; x_wconf 70' lang='lat' dir='ltr'>t</span> 
     </span>
     <span class='ocr_line' id='line_1_24' title="bbox 246 2791 1526 2878; baseline 0.001 -19"><span class='ocrx_word' id='word_1_184' title='bbox 246 2794 437 2877; x_wconf 89' lang='lat' dir='ltr'>quicumque</span> <span class='ocrx_word' id='word_1_185' title='bbox 452 2792 485 2860; x_wconf 90' lang='lat' dir='ltr'>in</span> <span class='ocrx_word' id='word_1_186' title='bbox 501 2791 561 2859; x_wconf 89' lang='lat' dir='ltr'>hoc</span> <span class='ocrx_word' id='word_1_187' title='bbox 575 2814 693 2878; x_wconf 84' lang='lat' dir='ltr'>genere</span> <span class='ocrx_word' id='word_1_188' title='bbox 713 2793 867 2878; x_wconf 89' lang='lat' dir='ltr'>proficere</span> <span class='ocrx_word' id='word_1_189' title='bbox 890 2796 1008 2863; x_wconf 89' lang='lat' dir='ltr'>uolent.</span> <span class='ocrx_word' id='word_1_190' title='bbox 1046 2796 1193 2863; x_wconf 81' lang='lat' dir='ltr'>Ceterum</span> <span class='ocrx_word' id='word_1_191' title='bbox 1215 2795 1300 2862; x_wconf 89' lang='lat' dir='ltr'>idem</span> <span class='ocrx_word' id='word_1_192' title='bbox 1324 2815 1396 2860; x_wconf 93' lang='lat' dir='ltr'>cum</span> <span class='ocrx_word' id='word_1_193' title='bbox 1525 2811 1526 2842; x_wconf 66' lang='lat'><em>³</em></span> 
     </span>
    </p>
   </div>
   <div class='ocr_carea' id='block_1_8' title="bbox 183 2896 1436 3992">
    <p class='ocr_par' dir='ltr' id='par_1_8' title="bbox 183 2896 1436 3264">
     <span class='ocr_line' id='line_1_25' title="bbox 244 2896 1436 2979; baseline -0.002 -17"><span class='ocrx_word' id='word_1_194' title='bbox 244 2897 350 2979; x_wconf 89' lang='lat' dir='ltr'>latius,</span> <span class='ocrx_word' id='word_1_195' title='bbox 374 2915 470 2979; x_wconf 91' lang='lat' dir='ltr'>quam</span> <span class='ocrx_word' id='word_1_196' title='bbox 485 2901 559 2962; x_wconf 91' lang='lat' dir='ltr'>ante</span> <span class='ocrx_word' id='word_1_197' title='bbox 574 2896 727 2962; x_wconf 90' lang='lat' dir='ltr'>creditum</span> <span class='ocrx_word' id='word_1_198' title='bbox 744 2902 838 2978; x_wconf 88' lang='lat' dir='ltr'>esset,</span> <span class='ocrx_word' id='word_1_199' title='bbox 860 2897 941 2962; x_wconf 90' lang='lat' dir='ltr'>illud</span> <span class='ocrx_word' id='word_1_200' title='bbox 960 2915 1060 2978; x_wconf 84' lang='lat' dir='ltr'>genus</span> <span class='ocrx_word' id='word_1_201' title='bbox 1082 2900 1193 2977; x_wconf 91' lang='lat' dir='ltr'>patere</span> <span class='ocrx_word' id='word_1_202' title='bbox 1215 2896 1395 2979; x_wconf 84' lang='lat' dir='ltr'>perspexis·</span> <span class='ocrx_word' id='word_1_203' title='bbox 1432 2933 1436 2942; x_wconf 78' lang='lat'><em>‚</em></span> 
     </span>
     <span class='ocr_line' id='line_1_26' title="bbox 183 2991 1397 3080; baseline -0.001 -18"><span class='ocrx_word' id='word_1_204' title='bbox 183 2997 186 3002; x_wconf 80' lang='grc'><strong>’</strong></span> <span class='ocrx_word' id='word_1_205' title='bbox 244 2991 306 3078; x_wconf 82' lang='lat' dir='ltr'>set,</span> <span class='ocrx_word' id='word_1_206' title='bbox 326 2997 534 3062; x_wconf 86' lang='lat' dir='ltr'>memorabile</span> <span class='ocrx_word' id='word_1_207' title='bbox 550 3003 668 3076; x_wconf 90' lang='lat' dir='ltr'>quanto</span> <span class='ocrx_word' id='word_1_208' title='bbox 685 2996 856 3080; x_wconf 92' lang='lat' dir='ltr'>ampliores</span> <span class='ocrx_word' id='word_1_209' title='bbox 870 2993 950 3062; x_wconf 90' lang='lat' dir='ltr'>fines</span> <span class='ocrx_word' id='word_1_210' title='bbox 965 2995 1058 3061; x_wconf 89' lang='lat' dir='ltr'>huius</span> <span class='ocrx_word' id='word_1_211' title='bbox 1077 2994 1124 3059; x_wconf 90' lang='lat' dir='ltr'>rei</span> <span class='ocrx_word' id='word_1_212' title='bbox 1145 2995 1216 3059; x_wconf 90' lang='lat' dir='ltr'>usui</span> <span class='ocrx_word' id='word_1_213' title='bbox 1237 2995 1270 3059; x_wconf 94' lang='lat' dir='ltr'>in</span> <span class='ocrx_word' id='word_1_214' title='bbox 1293 2996 1397 3062; x_wconf 90' lang='lat' dir='ltr'>altera</span> 
     </span>
     <span class='ocr_line' id='line_1_27' title="bbox 245 3094 1394 3181; baseline 0.003 -19"><span class='ocrx_word' id='word_1_215' title='bbox 245 3095 437 3162; x_wconf 90' lang='lat' dir='ltr'>concesserit</span> <span class='ocrx_word' id='word_1_216' title='bbox 458 3095 634 3162; x_wconf 84' lang='lat' dir='ltr'>Trinummi</span> <span class='ocrx_word' id='word_1_217' title='bbox 656 3095 841 3161; x_wconf 89' lang='lat' dir='ltr'>recensione</span> <span class='ocrx_word' id='word_1_218' title='bbox 853 3095 887 3179; x_wconf 93' lang='lat'>¹),</span> <span class='ocrx_word' id='word_1_219' title='bbox 912 3114 994 3177; x_wconf 89' lang='lat' dir='ltr'>quae</span> <span class='ocrx_word' id='word_1_220' title='bbox 1016 3115 1045 3162; x_wconf 90' lang='lat' dir='ltr'>a.</span> <span class='ocrx_word' id='word_1_221' title='bbox 1072 3098 1148 3162; x_wconf 85' lang='lat'>1871</span> <span class='ocrx_word' id='word_1_222' title='bbox 1175 3094 1295 3181; x_wconf 89' lang='lat' dir='ltr'>publici</span> <span class='ocrx_word' id='word_1_223' title='bbox 1317 3095 1394 3166; x_wconf 91' lang='lat' dir='ltr'>iuris</span> 
     </span>
     <span class='ocr_line' id='line_1_28' title="bbox 243 3197 409 3264; baseline -0.018 0"><span class='ocrx_word' id='word_1_224' title='bbox 243 3197 330 3264; x_wconf 84' lang='lat' dir='ltr'>faeta</span> <span class='ocrx_word' id='word_1_225' title='bbox 352 3201 409 3262; x_wconf 90' lang='lat' dir='ltr'>est.</span> 
     </span>
    </p>

    <p class='ocr_par' dir='ltr' id='par_1_9' title="bbox 242 3296 1423 3992">
     <span class='ocr_line' id='line_1_29' title="bbox 328 3296 1423 3384; baseline 0.003 -20"><span class='ocrx_word' id='word_1_226' title='bbox 328 3300 456 3365; x_wconf 89' lang='lat' dir='ltr'>Interea</span> <span class='ocrx_word' id='word_1_227' title='bbox 484 3296 541 3363; x_wconf 93' lang='lat' dir='ltr'>alii</span> <span class='ocrx_word' id='word_1_228' title='bbox 569 3298 714 3365; x_wconf 93' lang='lat' dir='ltr'>homines</span> <span class='ocrx_word' id='word_1_229' title='bbox 743 3297 829 3365; x_wconf 89' lang='lat' dir='ltr'>docti</span> <span class='ocrx_word' id='word_1_230' title='bbox 858 3317 929 3364; x_wconf 89' lang='lat' dir='ltr'>cum</span> <span class='ocrx_word' id='word_1_231' title='bbox 959 3298 991 3364; x_wconf 91' lang='lat' dir='ltr'>in</span> <span class='ocrx_word' id='word_1_232' title='bbox 1013 3299 1127 3365; x_wconf 89' lang='lat' dir='ltr'>Plauto</span> <span class='ocrx_word' id='word_1_233' title='bbox 1156 3299 1423 3384; x_wconf 84' lang='lat' dir='ltr'>interpretando·</span> 
     </span>
     <span class='ocr_line' id='line_1_30' title="bbox 243 3399 1393 3487; baseline 0.002 -21"><span class='ocrx_word' id='word_1_234' title='bbox 243 3403 343 3480; x_wconf 87' lang='lat' dir='ltr'>atque</span> <span class='ocrx_word' id='word_1_235' title='bbox 364 3399 565 3466; x_wconf 90' lang='lat' dir='ltr'>emendando</span> <span class='ocrx_word' id='word_1_236' title='bbox 587 3399 727 3467; x_wconf 91' lang='lat' dir='ltr'>studium</span> <span class='ocrx_word' id='word_1_237' title='bbox 750 3402 995 3467; x_wconf 85' lang='lat' dir='ltr'>conlocauerunt</span> <span class='ocrx_word' id='word_1_238' title='bbox 1017 3407 1083 3467; x_wconf 92' lang='lat' dir='ltr'>tum</span> <span class='ocrx_word' id='word_1_239' title='bbox 1105 3401 1137 3466; x_wconf 93' lang='lat' dir='ltr'>in</span> <span class='ocrx_word' id='word_1_240' title='bbox 1161 3400 1393 3487; x_wconf 87' lang='lat' dir='ltr'>dittographias</span> 
     </span>
     <span class='ocr_line' id='line_1_31' title="bbox 243 3499 1393 3590; baseline 0.003 -24"><span class='ocrx_word' id='word_1_241' title='bbox 243 3499 278 3567; x_wconf 91' lang='lat' dir='ltr'>in</span> <span class='ocrx_word' id='word_1_242' title='bbox 288 3500 506 3566; x_wconf 88' lang='lat' dir='ltr'>Plautinorum</span> <span class='ocrx_word' id='word_1_243' title='bbox 522 3522 671 3570; x_wconf 90' lang='lat' dir='ltr'>uersuum</span> <span class='ocrx_word' id='word_1_244' title='bbox 687 3509 837 3570; x_wconf 81' lang='lat' dir='ltr'>contextu</span> <span class='ocrx_word' id='word_1_245' title='bbox 852 3504 988 3586; x_wconf 88' lang='lat' dir='ltr'>latentes</span> <span class='ocrx_word' id='word_1_246' title='bbox 1003 3505 1113 3570; x_wconf 89' lang='lat' dir='ltr'>oculos</span> <span class='ocrx_word' id='word_1_247' title='bbox 1127 3504 1305 3570; x_wconf 88' lang='lat' dir='ltr'>coniecere:</span> <span class='ocrx_word' id='word_1_248' title='bbox 1325 3503 1393 3590; x_wconf 83' lang='lat' dir='ltr'>qui-</span> 
     </span>
     <span class='ocr_line' id='line_1_32' title="bbox 244 3599 1395 3689; baseline 0.003 -21"><span class='ocrx_word' id='word_1_249' title='bbox 244 3603 305 3668; x_wconf 91' lang='lat' dir='ltr'>bus</span> <span class='ocrx_word' id='word_1_250' title='bbox 319 3600 439 3687; x_wconf 90' lang='lat' dir='ltr'>passim</span> <span class='ocrx_word' id='word_1_251' title='bbox 461 3599 622 3687; x_wconf 86' lang='lat' dir='ltr'>indagatis</span> <span class='ocrx_word' id='word_1_252' title='bbox 635 3604 771 3671; x_wconf 90' lang='lat' dir='ltr'>medela</span> <span class='ocrx_word' id='word_1_253' title='bbox 792 3605 958 3689; x_wconf 90' lang='lat' dir='ltr'>permultis</span> <span class='ocrx_word' id='word_1_254' title='bbox 979 3607 1059 3672; x_wconf 88' lang='lat' dir='ltr'>locis</span> <span class='ocrx_word' id='word_1_255' title='bbox 1081 3604 1191 3670; x_wconf 88' lang='lat' dir='ltr'>adlata</span> <span class='ocrx_word' id='word_1_256' title='bbox 1203 3611 1269 3670; x_wconf 84' lang='lat' dir='ltr'>est.</span> <span class='ocrx_word' id='word_1_257' title='bbox 1307 3605 1395 3672; x_wconf 87' lang='lat' dir='ltr'>inter</span> 
     </span>
     <span class='ocr_line' id='line_1_33' title="bbox 244 3701 1412 3789; baseline 0.005 -21"><span class='ocrx_word' id='word_1_258' title='bbox 244 3721 324 3786; x_wconf 90' lang='lat' dir='ltr'>quos</span> <span class='ocrx_word' id='word_1_259' title='bbox 338 3701 457 3788; x_wconf 87' lang='lat' dir='ltr'>primas</span> <span class='ocrx_word' id='word_1_260' title='bbox 472 3703 567 3770; x_wconf 86' lang='lat' dir='ltr'>facile</span> <span class='ocrx_word' id='word_1_261' title='bbox 581 3704 642 3770; x_wconf 85' lang='lat' dir='ltr'>lert</span> <span class='ocrx_word' id='word_1_262' title='bbox 662 3705 921 3789; x_wconf 81' lang='lat' dir='ltr'>Ladewigius</span> <span class='ocrx_word' id='word_1_263' title='bbox 943 3706 1007 3788; x_wconf 92' lang='lat' dir='ltr'>ille,</span> <span class='ocrx_word' id='word_1_264' title='bbox 1031 3704 1085 3786; x_wconf 88' lang='lat' dir='ltr'>qui</span> <span class='ocrx_word' id='word_1_265' title='bbox 1108 3707 1253 3784; x_wconf 89' lang='lat' dir='ltr'>quamuis</span> <span class='ocrx_word' id='word_1_266' title='bbox 1275 3708 1412 3786; x_wconf 71' lang='lat' dir='ltr'>acriter,</span> 
     </span>
     <span class='ocr_line' id='line_1_34' title="bbox 243 3803 1390 3892; baseline 0.003 -23"><span class='ocrx_word' id='word_1_267' title='bbox 243 3821 272 3870; x_wconf 92' lang='lat' dir='ltr'>a.</span> <span class='ocrx_word' id='word_1_268' title='bbox 292 3807 372 3870; x_wconf 87' lang='grc'><strong>1845</strong></span> <span class='ocrx_word' id='word_1_269' title='bbox 395 3804 428 3870; x_wconf 92' lang='lat' dir='ltr'>in</span> <span class='ocrx_word' id='word_1_270' title='bbox 451 3804 639 3872; x_wconf 91' lang='lat' dir='ltr'>indomitum</span> <span class='ocrx_word' id='word_1_271' title='bbox 662 3806 747 3887; x_wconf 88' lang='lat' dir='ltr'>quod</span> <span class='ocrx_word' id='word_1_272' title='bbox 769 3807 871 3891; x_wconf 91' lang='lat' dir='ltr'>primo</span> <span class='ocrx_word' id='word_1_273' title='bbox 894 3811 1039 3873; x_wconf 85' lang='lat' dir='ltr'>exortum</span> <span class='ocrx_word' id='word_1_274' title='bbox 1062 3810 1131 3890; x_wconf 86' lang='lat' dir='ltr'>erat</span> <span class='ocrx_word' id='word_1_275' title='bbox 1159 3803 1390 3892; x_wconf 84' lang='lat' dir='ltr'>dittographia·</span> 
     </span>
     <span class='ocr_line' id='line_1_35' title="bbox 242 3903 1391 3992; baseline 0.004 -24"><span class='ocrx_word' id='word_1_276' title='bbox 242 3923 313 3968; x_wconf 90' lang='lat' dir='ltr'>rum</span> <span class='ocrx_word' id='word_1_277' title='bbox 334 3903 588 3992; x_wconf 79' lang='lat' dir='ltr'>indagandamm</span> <span class='ocrx_word' id='word_1_278' title='bbox 610 3905 748 3973; x_wconf 87' lang='lat' dir='ltr'>studium</span> <span class='ocrx_word' id='word_1_279' title='bbox 770 3907 914 3974; x_wconf 91' lang='lat' dir='ltr'>inuectus</span> <span class='ocrx_word' id='word_1_280' title='bbox 936 3914 1037 3991; x_wconf 92' lang='lat' dir='ltr'>esset,</span> <span class='ocrx_word' id='word_1_281' title='bbox 1065 3927 1136 3973; x_wconf 89' lang='lat' dir='ltr'>oum</span> <span class='ocrx_word' id='word_1_282' title='bbox 1164 3912 1277 3991; x_wconf 90' lang='lat' dir='ltr'>coepta</span> <span class='ocrx_word' id='word_1_283' title='bbox 1306 3914 1391 3976; x_wconf 89' lang='lat' dir='ltr'>esset</span> 
     </span>
    </p>
   </div>
   <div class='ocr_carea' id='block_1_9' title="bbox 332 4085 1192 4160">
    <p class='ocr_par' dir='ltr' id='par_1_10' title="bbox 332 4085 1192 4160">
     <span class='ocr_line' id='line_1_36' title="bbox 332 4085 1192 4160; baseline 0.006 -20"><span class='ocrx_word' id='word_1_284' title='bbox 332 4090 356 4151; x_wconf 90' lang='grc'>1)</span> <span class='ocrx_word' id='word_1_285' title='bbox 374 4085 414 4141; x_wconf 80' lang='lat' dir='ltr'>Ol.</span> <span class='ocrx_word' id='word_1_286' title='bbox 432 4087 517 4157; x_wconf 83' lang='lat' dir='ltr'>praef.</span> <span class='ocrx_word' id='word_1_287' title='bbox 536 4089 624 4146; x_wconf 66' lang='lat' dir='ltr'>&#39;irin&#39;</span> <span class='ocrx_word' id='word_1_288' title='bbox 640 4107 666 4160; x_wconf 94' lang='lat' dir='ltr'>p.</span> <span class='ocrx_word' id='word_1_289' title='bbox 684 4089 776 4144; x_wconf 84' lang='lat' dir='ltr'>XXXI</span> <span class='ocrx_word' id='word_1_290' title='bbox 794 4090 862 4144; x_wconf 90' lang='lat' dir='ltr'>conl.</span> <span class='ocrx_word' id='word_1_291' title='bbox 880 4089 966 4159; x_wconf 85' lang='lat' dir='ltr'>praei.</span> <span class='ocrx_word' id='word_1_292' title='bbox 985 4088 1067 4144; x_wconf 85' lang='lat' dir='ltr'>Marc.</span> <span class='ocrx_word' id='word_1_293' title='bbox 1085 4105 1113 4159; x_wconf 86' lang='lat' dir='ltr'>p.</span> <span class='ocrx_word' id='word_1_294' title='bbox 1132 4088 1192 4146; x_wconf 90' lang='lat' dir='ltr'>v11.</span> 
     </span>
    </p>
   </div>
   <div class='ocr_carea' id='block_1_10' title="bbox 0 0 1544 4742">
    <p class='ocr_par' dir='ltr' id='par_1_11' title="bbox 0 0 1544 4742">
     <span class='ocr_line' id='line_1_37' title="bbox 0 0 1544 4742; baseline 0 0"><span class='ocrx_word' id='word_1_295' title='bbox 0 0 1544 4742; x_wconf 95' lang='lat' dir='ltr'> </span> 
     </span>
    </p>
   </div>
  </div>
 </body>
</html>
