3080 4748
346 344 387 399 De
405 343 570 398 Bacchidum
588 343 731 418 Plautinae
749 346 939 401 retractatione
958 348 1090 402 scaenica.
1230 348 1288 409 103

225 520 276 584 Ita
292 516 386 598 enim,
409 523 443 581 ut
465 535 561 600 supra
582 517 699 581 factum
722 515 823 600 uides,
846 519 958 602 opinor
979 539 1089 586 uersus
1111 519 1288 605 iungendos

135 619 260 701 essell:
283 617 406 702 respice
427 637 519 702 uero,
547 636 642 699 quam
665 623 738 702 apte
762 637 887 685 uersum
910 623 971 683 940
995 620 1134 704 excipiat
1155 642 1184 688 u.
1209 625 1286 706 9493

136 721 194 803 qui
217 719 307 786 cuius
330 718 374 786 rei
397 738 526 784 oausam
549 739 618 781 oram
640 719 797 804 particula
819 721 997 803 praemissa
1018 721 1159 806 adferat,
1186 723 1288 789 minus

135 820 306 890 commodo
327 821 522 904 intellegitur
545 839 606 902 quo
632 821 665 887 in
688 821 778 887 libris
801 822 1055 906 editionibusque
1079 829 1184 890 exstat
1205 825 1286 891 loco.

134 925 251 1006 Neque
267 930 373 989 tamen
389 922 484 988 simili
500 923 627 989 uinculo
643 923 781 988 coerceri
795 943 906 990 uersus
922 927 1068 988 eus-48
1085 932 1117 991 et
1129 928 1286 1009 961-65,

135 1025 194 1109 qui
208 1024 272 1109 ipsi
287 1042 413 1107 quoque
429 1043 467 1088 eo
490 1025 570 1108 loco,
594 1045 687 1108 quem
710 1044 793 1090 nuno
815 1029 932 1108 tenent,
955 1045 1149 1110 magnopere
1170 1027 1284 1111 impor-

133 1127 206 1192 tuni
228 1131 317 1207 sunt,
347 1124 526 1191 testimonio
550 1132 599 1191 est
621 1125 763 1193 Helenae
785 1146 900 1192 nomen
923 1126 1048 1193 diuerso
1071 1129 1168 1212 plane
1190 1127 1285 1194 modo

133 1229 284 1294 uersibus
307 1230 368 1291 948
392 1231 424 1292 et
446 1230 506 1290 963
530 1233 724 1311 usurpatum.
751 1229 905 1294 Versuum
927 1228 1022 1312 igitur
1051 1249 1175 1312 eorum,
1206 1249 1285 1313 quos

99 1395 104 1398 ,
132 1331 165 1395 Α
188 1329 297 1394 littera
318 1327 443 1411 notaui,
473 1348 536 1393 una
559 1335 607 1394 est
629 1329 802 1395 cohaerens
827 1329 938 1396 series:
967 1349 1031 1396 non
1061 1329 1137 1396 item
1166 1351 1284 1414 eorum,

133 1449 218 1512 qnos
239 1431 273 1495 in
295 1430 397 1495 altera
419 1435 510 1514 parte
533 1429 632 1511 posui.
676 1431 777 1496 Immo
801 1451 842 1496 ex
865 1431 1058 1497 recensionis
1080 1433 1106 1496 B
1137 1437 1284 1500 contextu

131 1533 234 1616 plane
249 1530 411 1598 eximendi
425 1536 498 1595 sunt
520 1550 629 1596 uersus
649 1533 806 1614 ert-48,
830 1549 961 1612 quorum
985 1552 1075 1616 unus,
1098 1553 1128 1598 u.
1145 1536 1216 1614 946,
1240 1534 1285 1599 in-

133 1632 278 1700 suauiter
292 1633 369 1714 hiat,
393 1631 447 1714 qui
465 1632 608 1713 sequitur
631 1632 831 1698 claudicante
853 1631 1003 1718 rhythmo
1023 1633 1151 1716 incedit,
1175 1653 1284 1700 omnes

132 1756 157 1800 a
171 1733 330 1800 sententia
344 1733 458 1799 misere
473 1733 635 1798 laborant:
658 1733 744 1814 quod
760 1754 799 1800 ne
814 1734 928 1800 iterum
950 1753 1118 1818 exponam,
1141 1735 1284 1802 conferas

132 1835 365 1919 Kiesslingium
379 1836 399 1900 l.
416 1835 436 1901 l.
452 1855 482 1918 p.
503 1839 549 1898 15.
579 1834 760 1920 Adscripsit
775 1835 833 1902 hos
848 1835 966 1901 sciolus
981 1836 1088 1901 nescio
1104 1837 1184 1920 quis,
1207 1855 1283 1920 gau-

132 1937 216 2002 dens
237 1935 287 2019 iis,
310 1935 447 2018 quaein
470 1935 608 2002 Homero
631 1937 774 2004 lectitata
796 1938 948 2004 memoria
970 1937 1108 2003 tenebat.

227 2039 296 2103 Iam
324 2036 517 2104 recensionis
545 2038 776 2105 Ambrosianus
806 2045 932 2120 auctor,
965 2058 1036 2103 oum
1068 2038 1285 2123 perspexisset

132 2147 285 2221 utrosque
313 2159 423 2205 uersus
445 2145 479 2205 et
501 2142 681 2204 est-2940
704 2143 737 2205 et
759 2142 940 2204 ele—948
969 2140 1057 2205 nullo
1086 2140 1181 2205 modo
1209 2140 1284 2205 ferri

132 2261 246 2327 posse:
268 2243 338 2326 ipse
353 2240 555 2307 discernendi
578 2241 752 2323 periculum
775 2240 896 2306 faciens
918 2259 1029 2306 uersus
1051 2240 1205 2324 genuinos
1228 2261 1281 2305 ex·

130 2343 223 2428 pulit,
246 2342 391 2426 putidum
407 2350 573 2409 centonem
588 2343 761 2426 retinuit2).
798 2343 846 2407 Ac
862 2342 927 2408 noli
944 2341 1052 2407 mirari
1075 2346 1141 2406 tam
1162 2340 1283 2406 infelici

132 2465 206 2511 eum
229 2465 321 2511 usum
344 2464 415 2511 esse
437 2444 570 2510 iudicio:
600 2462 694 2525 quem
724 2443 869 2526 quidem,
900 2443 1045 2524 quamuis
1074 2448 1160 2510 recte
1190 2441 1282 2507 ditto-

130 2546 287 2632 graphiae
309 2547 444 2631 uestigia
467 2546 619 2612 hocloco
642 2543 918 2627 animaduerterit,
948 2545 1044 2630 plane
1068 2544 1186 2626 fugerit
1208 2564 1281 2610 eun-

132 2650 206 2716 dem
233 2667 390 2731 quaenam
411 2645 590 2714 intercedat
614 2647 787 2712 necessitas
815 2646 899 2712 inter
927 2666 1037 2712 uersus
1060 2649 1228 2710 eae-952
1251 2649 1283 2710 et

132 2749 349 2833 etl-965³),
372 2750 494 2815 scilicet
517 2767 579 2830 quo
603 2747 780 2815 euidentius
802 2745 939 2831 duplicis
960 2747 1152 2812 recensionis
1175 2765 1281 2811 exem-

131 2853 219 2936 plum
248 2851 382 2932 cogitari
409 2872 472 2917 non
501 2854 616 2935 potest.
661 2849 779 2915 Contra
800 2848 838 2930 ii,
868 2847 922 2929 qui
949 2846 1166 2912 recensionem
1188 2846 1281 2910 Pala-

220 3073 244 3133 l)
263 3067 322 3135 Qua
333 3068 362 3122 in
373 3083 404 3122 re
416 3067 480 3120 mihi
492 3084 547 3122 non
562 3067 689 3122 conuenit
707 3082 768 3121 cum
780 3064 950 3132 Kiesangio,
969 3063 1015 3133 qui
1033 3063 1059 3129 (l.
1069 3062 1086 3117 l.
1097 3081 1123 3134 p.
1137 3067 1177 3128 15)
1195 3062 1281 3118 Wila-

132 3153 258 3208 mowitzii
276 3169 342 3207 usas
360 3152 418 3206 siue
435 3152 600 3206 auctoritate
618 3151 676 3205 siue
693 3151 854 3206 adsensione
878 3149 1022 3204 continuos
1045 3162 1141 3202 uersus
1163 3152 1280 3202 ets-52

133 3243 225 3293 censet
241 3233 287 3291 ‘ab
305 3235 407 3291 insulso
426 3236 559 3290 histrione
576 3229 697 3290 adsutos'
719 3251 785 3290 esse.

216 3327 241 3387 2)
261 3321 302 3377 Cf.
320 3336 404 3390 supra
420 3337 447 3390 p.
458 3325 489 3375 82
508 3336 569 3374 cum
587 3320 649 3373 adn.
661 3325 684 3374 6.
720 3321 813 3374 Altera
836 3318 904 3372 haec
929 3315 1103 3371 dissensionis
1128 3316 1280 3383 explicatio,

133 3407 208 3476 quasi
220 3405 268 3474 qui
280 3406 371 3459 absint
383 3406 417 3460 ab
430 3406 455 3457 A
473 3420 569 3460 uersus
585 3405 614 3457 in
633 3405 774 3472 utriusque
791 3401 956 3457 recensionis
976 3401 1108 3454 communi
1125 3400 1200 3454 fonte
1219 3401 1280 3455 olim

133 3491 327 3556 interciderint,
348 3494 444 3559 postea
462 3491 567 3544 demum
584 3490 612 3543 in
630 3489 817 3543 Palatinarum
835 3487 980 3556 archetypo
999 3501 1032 3539 ex
1050 3485 1101 3539 alio
1120 3486 1236 3554 quodam
1255 3490 1282 3554 et

132 3577 188 3644 ipso
201 3577 314 3644 antiquo
326 3575 402 3630 fonte
414 3574 595 3644 supplementi
607 3563 694 3628 instar
708 3571 799 3637 additi,
818 3586 906 3640 quam,
924 3570 953 3624 in
966 3569 1127 3638 quibusdam
1143 3571 1210 3626 locis
1225 3570 1280 3624 for-

133 3665 204 3716 tasse
222 3658 444 3729 praeferendam,
468 3675 553 3726 aequo
574 3664 646 3713 certe
662 3659 721 3713 inre
738 3655 847 3711 defendi
868 3671 949 3725 posse
968 3655 1000 3709 G.
1020 3655 1149 3710 Goetzius
1167 3654 1281 3721 benigne

134 3762 236 3801 mecum
255 3744 478 3809 communicauit,
503 3760 567 3797 num
584 3745 646 3812 plus
663 3743 763 3798 habeat
780 3740 989 3810 probabilitatis,
1008 3741 1072 3794 dum
1090 3737 1214 3794 subtilius
1232 3753 1279 3791 ex-

133 3831 254 3899 ploratae
267 3835 346 3884 erunt
361 3829 502 3898 utriusque
520 3828 683 3883 recensionis
702 3828 828 3894 rationes,
847 3825 876 3880 iu
894 3830 1035 3894 utramque
1052 3828 1155 3892 partem
1174 3821 1280 3891 discep-

133 3920 188 3970 tare
206 3915 375 4066 lictefsltiluod
388 3997 555 4052 demonstrat
566 4013 591 4051 u.
603 4001 649 4051 961
664 3996 692 4050 ἰιι
704 3997 799 4051 ultima
810 3995 978 4066 palimpsesti
990 3992 1145 4047 membrana
1160 3996 1280 4048 extrema

133 4083 204 4138 felici
222 4099 289 4138 casu
305 4080 385 4136 nobis
403 4087 536 4136 seruatus.
