3080 4748
352 336 393 390 De
411 336 577 390 Bacchidum
596 336 737 391 Plautinae
755 338 949 393 retractatione
966 339 1100 394 scaenica.
1237 339 1295 400 107

141 506 292 590 causas¹)
322 506 567 591 transpositione
596 508 682 575 facta
704 530 733 575 u.
755 513 890 592 943sq.,
922 509 1038 576 deinde
1061 514 1120 575 941
1135 531 1181 593 sq.
1227 513 1294 578 lam

142 611 235 677 uides
265 609 383 695 optimc
412 611 508 676 haec:
538 612 583 672 ito
604 632 657 673 ree
678 612 824 673 successit
846 612 891 672 mi
914 632 1010 694 reoque
1038 612 1138 675 oddae
1166 633 1294 698 respon-

141 713 220 780 dere
243 712 389 778 uersibus
412 713 473 774 959
498 718 530 778 et
552 714 624 777 956.
668 712 855 778 Pronuntiat
876 714 974 794 enim,
1005 713 1082 793 quid
1103 715 1145 780 sit
1167 715 1294 780 tertium

140 813 225 880 illud
246 816 361 879 fatum:
388 812 475 896 qnod
496 817 603 878 tamen
626 814 773 889 nondum¹
787 815 978 896 perfectum,
1002 813 1059 879 sed
1083 814 1182 876 adhoc
1204 836 1293 899 prae-

141 921 290 1000 paratum
307 914 474 980 dumtaxat
489 914 531 980 ad
547 913 773 999 perficiendum
797 921 853 980 est.
892 913 996 992 Quare
1019 937 1082 981 non
1105 915 1293 1002 mirandum,

139 1016 229 1104 qnod
251 1016 284 1080 in
308 1014 484 1082 enarrando
509 1020 540 1082 et
561 1016 751 1082 illustrando
773 1016 829 1082 illo
845 1016 972 1099 diutius,
996 1037 1092 1101 quam
1114 1017 1147 1081 in
1171 1019 1292 1100 ceteris,

140 1124 364 1184 commoratur.
1042 1117 1047 1125 '

228 1218 271 1282 Hi
292 1218 388 1300 igitur
409 1237 520 1284 uersus
542 1218 616 1282 inde
639 1237 659 1282 a
681 1220 742 1282 935
766 1219 941 1301 reponendi
962 1224 1036 1286 sunt
1058 1227 1131 1304 post
1153 1240 1182 1285 u.
1206 1223 1292 1304 969³,

140 1320 322 1401 iisdemque
338 1320 485 1385 absoluta
501 1324 550 1384 est
565 1317 697 1384 media
713 1319 827 1384 cantici
842 1340 925 1404 pars,
947 1339 1029 1401 quae
1044 1322 1141 1387 totius
1157 1341 1293 1388 scaenae

138 1437 266 1482 summa
282 1427 330 1485 est
353 1425 384 1486 et
406 1425 627 1501 argumentum
649 1419 834 1504 principale.
872 1421 941 1486 lam
964 1443 1049 1503 uero,
1073 1423 1154 1487 sieut
1175 1423 1207 1487 in
1230 1422 1292 1489 fine

139 1522 267 1588 exordii
289 1542 318 1588 u.
341 1525 461 1602 933sq.
484 1522 554 1605 ipse
575 1522 751 1588 Nicobulus
773 1522 831 1587 sub
855 1522 973 1587 Priami
995 1543 1132 1607 persona
1154 1524 1293 1608 carpitur

138 1621 361 1704 inrideturque
377 1622 618 1706 quadringentis
633 1621 769 1688 nummis
786 1623 1019 1707 emungendns:
1043 1624 1232 1690 adsimiliter
1250 1627 1290 1691 ad

136 1726 301 1790 Priamum
318 1725 419 1790 oratio
434 1723 526 1806 redit,
547 1722 723 1805 eademqne
741 1744 774 1789 re
790 1725 885 1809 paulo
901 1725 1030 1792 uberius
1045 1725 1203 1791 illustrata
1219 1747 1288 1792 con·

137 1827 241 1892 clusio
263 1826 307 1892 fit.
353 1825 441 1903 Quae
465 1825 594 1906 quidem
616 1831 794 1891 extrema
824 1847 899 1910 pars
920 1827 991 1911 ipsa
1015 1847 1141 1910 qnoque
1169 1830 1291 1912 glosse-

137 1935 261 1994 matum
284 1928 397 1993 fraude
419 1947 481 1992 non
505 1928 606 1992 solnm
629 1915 836 2010 interpolata,
860 1929 933 2011 sed,
957 1935 991 1994 ut
1013 1928 1152 2012 adsolet,
1176 1928 1290 1995 iisdem

137 2030 319 2095 disturbata
343 2035 398 2094 est.

225 2132 273 2197 Ac
294 2129 561 2215 praemittendum
585 2137 668 2212 erat,
698 2134 732 2194 ut
755 2131 881 2213 opinor,
909 2131 1010 2215 ipsius
1034 2131 1153 2196 Priami
1175 2152 1289 2197 nomen

137 2231 460 2316 comparationisque,
483 2251 566 2313 quae
581 2231 663 2297 inter
677 2231 763 2296 illins
785 2229 868 2297 filios
892 2237 924 2294 et
946 2232 1031 2297 senis
1054 2250 1200 2296 nummos
1215 2231 1289 2295 Phi-

136 2335 264 2418 lippeos
285 2334 472 2416 instituitur,
505 2331 679 2417 propositio
702 2330 847 2397 uersibus
870 2334 1059 2397 973-975.
1104 2332 1174 2397 Iam
1200 2333 1291 2413 sequi

134 2440 278 2520 parerat
293 2453 343 2499 nn.
360 2433 440 2498 969¹’
456 2439 488 2500 et
504 2439 575 2516 970,
600 2433 714 2514 quibus
729 2434 869 2516 priorum
885 2435 1090 2500 ducentorum
1106 2433 1290 2518 Philippum

136 2535 220 2602 ratio
243 2535 394 2617 redditur,
417 2535 577 2601 dimidiati
600 2535 662 2601 duo
685 2537 848 2619 uersusl),
872 2537 1035 2602 leuissima
1057 2535 1207 2602 uidelicet
1231 2535 1291 2600 hac

136 2637 267 2703 medela
288 2638 320 2701 iu
342 2637 434 2702 unius
462 2637 602 2720 speciem
630 2635 893 2703 reoonoinnandi:
924 2636 1070 2720 Namque
1093 2636 1120 2697 tr
1143 2636 1291 2698 ducentos

134 2739 278 2800 nummos
292 2737 457 2820 Philippos
476 2737 555 2800 ddrc
572 2740 721 2822 proauo
742 2737 843 2821 mr'litz',
868 2756 962 2817 quem
986 2737 1104 2818 optime
1128 2737 1291 2820 excipiunt

135 2859 248 2906 uersus
272 2843 330 2903 971
346 2858 408 2921 sq,
438 2840 492 2920 qui
514 2846 587 2905 sunt
609 2839 649 2906 de
672 2839 781 2904 alteris
804 2836 957 2903 ducentis.
1002 2837 1059 2900 His
1082 2856 1157 2902 uero
1182 2837 1288 2902 statim

135 2939 370 3007 continuandus
389 2940 516 3005 uidetur
537 2942 667 3006 ultimus
690 2959 825 3006 scaenae
848 2957 958 3004 uersus
982 2937 1057 3018 (nisi
1072 2937 1153 3003 forte
1169 2938 1288 3003 crebris

134 3043 201 3108 illis
227 3042 524 3126 interpolationibus
552 3042 681 3122 genuini
711 3041 833 3123 aliquid
860 3045 1023 3107 extrusum
1053 3046 1117 3123 est;
1148 3040 1289 3122 quodsi

132 3144 298 3228 acciderit,
322 3144 451 3208 minime
467 3142 625 3209 mehercle
640 3145 682 3208 sit
699 3141 903 3227 mirandum).
937 3141 1051 3224 Neque
1071 3141 1154 3208 euim
1177 3162 1290 3208 uereor

134 3267 176 3312 ne
199 3244 381 3311 laudatores
403 3244 569 3310 inueniant
590 3265 700 3311 uersus
723 3249 784 3311 976
797 3264 862 3327 sq.,
891 3263 1024 3326 quorum
1047 3244 1127 3308 alter
1150 3249 1198 3310 est
1220 3244 1285 3309 lan·
1349 3315 1358 3334 Ι

130 3348 341 3432 guidissimus
357 3351 389 3410 et
403 3345 635 3429 ineptissimus:
659 3347 712 3428 qui
728 3346 813 3413 unde
829 3346 889 3411 orti
911 3345 975 3410 sint
993 3345 1193 3428 perspexeris
1214 3365 1285 3412 con·

133 3450 211 3515 latis
234 3468 284 3513 uu.
302 3450 363 3511 814
375 3464 423 3526 sq.

222 3551 310 3617 Unus
326 3549 422 3614 etiam
438 3554 538 3613 restat
557 3549 656 3632 locus,
679 3549 734 3613 ubi
755 3547 1014 3630 interpolatorem
1037 3545 1286 3632 deprehendisse

224 3737 247 3798 l)
264 3731 323 3786 Nee
340 3731 424 3798 magis
440 3730 507 3784 latet
526 3747 610 3786 causa
628 3747 690 3796 our,
708 3735 851 3801 postquam
869 3731 948 3796 illuc,
967 3732 1014 3786 ubi
1031 3731 1059 3785 in
1076 3730 1152 3785 libris
1169 3734 1283 3795 exstant,

132 3818 218 3873 delati
231 3823 294 3871 sunt
306 3833 351 3869 uu.
362 3819 505 3881 uas-art,
519 3815 689 3869 diasceuasta
701 3816 826 3871 binorum
838 3831 965 3871 uersuum
977 3816 1067 3870 sedem
1082 3814 1276 3882 permutauerit

221 3907 246 3968 2)
264 3902 359 3968 Neque
372 3901 441 3954 eninr
455 3900 536 3954 ullam
547 3899 627 3953 fidem
640 3901 726 3954 habeo
746 3901 857 3956 dimetro
876 3901 917 3954 illi
935 3899 1071 3954 clausulae
1089 3899 1121 3951 ex
1140 3899 1282 3955 nonnullo·

122 4003 195 4060 ,rum
207 3985 341 4040 sententia
352 3984 446 4052 instar,
465 3985 511 4040 ubi
529 3983 636 4038 minime
654 3985 789 4039 clauditur
807 3986 953 4040 sententia:
973 3983 1035 4037 uide
1052 3981 1125 4036 inira
1143 3983 1204 4037 adn.
1224 3985 1282 4039 crit.

126 4073 168 4126 ad
187 4088 213 4125 u.
232 4073 377 4125 att—969.
