3092 4756
264 327 326 392 tet
656 285 1022 408 Gudtmuusarachmam

262 501 431 567 advorsum
453 521 526 585 acc,
551 473 613 566 'ubi
635 498 742 566 animo
764 494 977 582 supplendum
1000 492 1053 579 (cf.
1077 481 1205 564 uersum
1227 494 1309 581 seq.)
1339 499 1425 563 broc
1512 531 1533 574 :s

383 607 391 648 1

251 601 476 788 sacwggtime
498 701 596 786 igitur
617 721 646 767 u.
665 704 705 766 86
720 718 768 782 sq.
791 717 827 766 se
849 698 971 766 hubent
991 697 1087 765 haec:
1110 699 1202 760 sooo’
1221 699 1422 785 affirmatum
1509 737 1533 784 ,ι

262 805 348 891 qood
368 804 447 869 mibi
465 813 538 868 erat
557 802 594 866 ro
613 823 661 865 mc
682 800 836 893 emorutt:
859 799 1051 868 affirmatum
1070 799 1156 866 enim
1171 799 1331 870 Nicobulc
1348 809 1422 870 erat
1512 855 1520 884 ,

261 927 326 975 non
347 907 430 974 intro
452 904 560 989 sequi,
587 910 694 971 tamen
716 921 868 970 exorasse
889 901 953 967 iam
976 900 1148 968 uidebatur
1169 902 1306 970 Bacchis
1328 902 1420 972 idem
1512 949 1530 987 ,5

262 1007 400 1076 illudat
421 1012 614 1092 sequeretur.
651 1005 735 1070 Nam
751 1002 792 1069 de
815 1003 911 1070 uenia
926 1000 1034 1069 danda
1055 1003 1137 1069 haec
1151 1022 1214 1068 non
1235 1003 1322 1070 dicta
1345 1025 1420 1073 esse
1514 1052 1531 1090 ,t

220 1141 223 1148 =
261 1111 340 1177 satis
363 1107 503 1176 dilucide
525 1107 690 1174 declarare
711 1104 790 1170 mihi
812 1103 961 1171 uidentur
983 1122 1066 1186 qnae
1094 1105 1202 1171 statim
1225 1111 1419 1187 sequuntur:
1517 1153 1533 1202 3,

261 1213 402 1279 alienam
421 1208 573 1276 uidelicet
594 1208 704 1276 sedem
726 1206 886 1290 obtinent,
916 1224 999 1288 quae
1021 1212 1156 1274 metrum
1186 1205 1301 1274 cadem
1331 1207 1420 1276 inse·
1526 1211 1531 1288 ζ

262 1312 426 1395 quentium
455 1329 604 1377 uemuum
630 1310 836 1391 conturbant,
865 1309 973 1393 priora
994 1327 1104 1374 uersus
1129 1311 1169 1372 86
1191 1308 1301 1374 uerba.
1346 1311 1419 1376 Iam

261 1432 338 1479 nero
359 1409 527 1479 uideamus
550 1409 591 1478 dc
613 1413 789 1496 posteriore
810 1410 877 1494 illo,
899 1431 976 1477 num
997 1410 1076 1476 satis
1098 1413 1174 1495 apte
1192 1411 1264 1494 ipsa
1277 1411 1419 1478 Bacchis
1519 1469 1533 1511 ,ᾗ

262 1513 369 1581 dicere
398 1512 545 1580 uideatur
573 1512 673 1576 Sotzb’
703 1532 760 1595 epo
788 1514 867 1574 obruo
895 1511 996 1574 buteo
1026 1509 1240 1595 affirmatum?
1273 1510 1418 1589 Quorum

262 1615 384 1700 duplex
405 1614 483 1698 fingi
505 1619 612 1700 potest
632 1613 868 1698 interpretatio:
891 1619 947 1679 aut
968 1611 1002 1678 in
1018 1613 1116 1678 talem
1134 1612 1340 1679 sententiam:
1362 1636 1418 1678 co·
1525 1603 1533 1684 ζ

261 1720 341 1780 to'coc
363 1727 482 1780 certum
504 1715 584 1778 illud
603 1725 658 1792 est,
683 1713 879 1799 quodmodo
902 1714 1077 1798 impetrarat,
1100 1712 1345 1776 solitaurilia
1367 1717 1418 1798 ιζ]-
1530 1708 1533 1716 '

260 1819 392 1884 rocroort
414 1824 471 1884 aut
493 1814 580 1898 quod
601 1815 634 1880 in
657 1813 793 1882 eandem
815 1815 881 1882 fere
904 1821 1028 1901 partem
1043 1815 1146 1881 ualet:
1168 1816 1283 1878 suasae
1305 1815 1359 1878 dio
1383 1819 1418 1880 io

153 1997 154 2000 Ἴ
262 1921 438 1982 constantio
460 1936 517 2000 epo
535 1918 745 2000 pernumerant
762 1917 950 2000 perditique
971 1919 1004 1979 o’a
1025 1915 1156 1987 croada,
1180 1927 1214 1978 ut
1229 1937 1310 1980 abac
1326 1937 1418 1982 ornae

260 2021 323 2080 iam
346 2017 506 2101 depulsum
528 2021 571 2081 cit
591 2017 629 2080 ob
644 2017 708 2080 illac
724 2015 921 2102 periculum?
943 2009 1027 2082 Nam
1042 2017 1140 2083 aliam
1155 2018 1347 2084 sententiam
1362 2019 1417 2088 hie

261 2119 391 2202 quidem
413 2119 600 2204 intellegere
623 2119 680 2186 uix
701 2103 880 2204 possumus,
904 2136 987 2200 quac
1010 2123 1059 2184 cst
1078 2117 1112 2183 in
1127 2118 1366 2188 recensionibus
1382 2127 1416 2189 et

259 2221 498 2290 Hermanniana
527 2229 559 2288 et
586 2220 804 2288 Ritscheliana
837 2218 1088 2287 enuntiationum
1123 2220 1342 2303 cohaerentia,
1379 2227 1418 2286 ιιι
1473 2263 1476 2269 -

259 2324 363 2410 possit
392 2324 568 2390 Nicobulus
599 2309 662 2391 non
688 2323 797 2406 inepte
827 2321 870 2388 ad
897 2321 955 2387 illa
983 2320 1209 2404 responderm,
1226 2319 1316 2399 Quod
1341 2321 1419 2384 dtoz'

259 2425 364 2496 semel,
388 2407 474 2485 laod
494 2423 632 2487 motato:
656 2442 738 2504 quae
760 2423 789 2486 si
812 2443 849 2489 ec
871 2421 990 2488 referre
1006 2423 1096 2505 uelis,
1118 2421 1205 2503 quod
1226 2423 1296 2506 ipse
1317 2422 1415 2489 Nico·
1532 2493 1533 2498 ,

261 2524 356 2591 bulas
377 2525 411 2588 in
433 2523 647 2608 corruptelam
669 2523 840 2607 conlapsus
861 2522 945 2590 intro
968 2525 1058 2604 sequi
1080 2522 1219 2589 animum
1242 2523 1415 2608 induxerit,
1532 2509 1533 2532 ¹

260 2625 375 2692 mirum
402 2632 554 2707 quantum
584 2624 688 2692 tenuis
718 2630 751 2693 ct
778 2622 945 2692 ieiunitate
967 2623 1084 2709 frigida
1106 2623 1224 2692 euadat
1245 2626 1413 2694 senten-tia.

260 2728 367 2810 Atque
390 2747 431 2792 ex
453 2726 503 2794 his
526 2727 654 2808 quidem
677 2726 853 2794 rationibus
876 2725 936 2793 etsi
951 2725 1065 2792 iterum
1081 2727 1282 2810 cognoscitur
1302 2726 1359 2793 uix
1374 2747 1415 2794 ac

260 2849 302 2898 ne
324 2830 380 2896 uix
403 2828 532 2912 quidem
555 2829 727 2897 consistere
750 2830 831 2896 haec
852 2848 914 2895 unc
936 2834 1046 2895 tenore
1068 2848 1140 2894 cum
1167 2828 1324 2913 prioribus
1347 2828 1414 2894 illis

261 2931 443 2999 coniuncta:
466 2931 548 2998 istae
563 2935 671 2997 tamen
686 2929 957 3014 interpretationis
979 2928 1172 2995 subtilitates
1195 2928 1275 2996 nihil
1297 2929 1340 2996 ad
1356 2950 1412 2996 nc-

259 3039 359 3098 stram
374 3052 457 3098 rem:
473 3051 556 3097 nunc
572 3033 754 3113 quaerimus
769 3031 839 3114 hcc,
854 3051 928 3096 num
944 3030 1071 3097 omnino
1083 3028 1263 3097 affirmandi
1278 3032 1413 3098 uerbum

259 3130 302 3199 ad
324 3151 392 3198 rem
413 3131 515 3216 possit
536 3131 655 3214 ualere,
677 3152 760 3214 quae
780 3138 884 3197 utrum
907 3130 963 3197 fiat
977 3150 1078 3197 necne
1097 3131 1185 3215 apud
1198 3132 1296 3198 aliam
1312 3151 1412 3215 quan·
1432 3207 1441 3216 ,

259 3233 336 3302 dam
357 3251 528 3318 personam
550 3231 592 3298 sit
612 3231 786 3298 arbitrium.
831 3229 953 3310 Quodsi
976 3232 1013 3297 ,in
1034 3232 1181 3299 omnibus
1204 3235 1361 3320 exemplis
1382 3235 1414 3302 is

259 3341 309 3403 cst
337 3340 486 3402 constans
516 3335 610 3403 huius
640 3333 729 3401 ucrbi
751 3353 841 3417 usus,
872 3333 974 3401 atrei
1004 3338 1060 3399 aut
1081 3332 1247 3401 faciendae
1270 3341 1325 3402 ant
1346 3357 1411 3403 ncn

258 3434 427 3502 faciendae
441 3455 542 3520 penes
556 3438 661 3523 ipsum
677 3435 888 3503 affirmantem
903 3434 945 3501 sit
960 3440 1104 3520 potestas
1114 3434 1155 3520 2):
1179 3457 1251 3503 cum
1265 3437 1412 3520 accedat,

259 3532 346 3618 quod
367 3534 429 3601 hcc
449 3535 555 3620 ipsum
576 3537 668 3606 unicc
689 3539 723 3605 in
745 3537 833 3606 uocis
855 3536 941 3603 illius
955 3536 1085 3622 propria
1106 3537 1138 3604 ui
1158 3557 1196 3603 ac
1211 3537 1339 3605 notione
1353 3560 1411 3624 po·

258 3638 354 3705 situm
377 3642 439 3704 cst:
468 3657 545 3704 num
574 3640 645 3720 quis
674 3637 834 3706 dubitabit
861 3658 980 3723 negare
1007 3639 1108 3706 ucrba
1133 3639 1201 3720 illa,
1230 3637 1413 3722 dequibus

346 3810 370 3871 1)
389 3804 491 3859 Tamen
502 3803 555 3859 hcc
566 3802 595 3858 in
606 3806 668 3860 loco
680 3805 771 3861 nescio
787 3821 822 3861 an
839 3807 951 3876 propius
970 3805 1004 3860 ad
1022 3820 1115 3860 uerum
1133 3804 1302 3872 accedamus,
1321 3806 1346 3860 si
1363 3823 1411 3862 su-

226 3917 231 3926 ·
259 3888 394 3955 spicemur
415 3889 547 3945 excidisse
563 3904 592 3942 sc
609 3893 672 3943 ante
689 3889 846 3946 aduorsom.

344 3977 370 4038 ι)
388 3973 478 4038 Etiam
495 3975 524 4028 in
541 3973 627 4030 Stichi
645 3975 767 4043 exemplo
785 3989 819 4030 ne
839 3976 961 4030 umbram
984 3973 1090 4042 quidem
1114 3973 1189 4029 dubii
1211 3974 1339 4045 relinquit
1364 3977 1411 4046 qui

260 4055 383 4124 sequitur
399 4073 426 4112 u.
446 4061 487 4112 69.
898 4084 901 4092 v
