3092 4756
254 343 314 405 128
642 342 817 400 Gosltherius
836 342 1007 397 Brochmsnn

278 574 301 614 lo
322 512 1079 628 ΝΜῦΟΙΒΒΠῺΕΒΙΒΒΕΒζῼῼΟΠΙὲΟΠῙΒΕΠΡΕΒῌΤΡΙΙΒΟΕ

321 647 1074 768 onmesnenomessiiciiliiimusnnnnPsnnlssnmiono

322 812 1075 864 unormoninnmsmsencnmnmmsssnnmoncoffl

278 941 301 984 1³
325 929 1196 986 1²1.usummentunsubnmessenumncinnosncuononnn
1366 930 1405 973 ⁴88

284 1065 350 1108 libros
362 1061 442 1106 Ritsch.
458 1055 535 1114 1485,
553 1057 605 1112 quui
616 1056 694 1100 liitscb.
738 1055 825 1109 quinem
844 1065 891 1096 cum
909 1054 964 1097 Poll.
980 1054 1060 1099 Ritscb.
1076 1048 1080 1116 l
1095 1051 1153 1102 486.
1172 1054 1244 1097 nelbis
1254 1054 1295 1103 Bo,
1314 1065 1403 1098 correo.

285 1129 404 1174 momeori.
450 1125 544 1182 opperiri
558 1125 601 1174 cn,
620 1124 700 1168 liitscb.
716 1119 720 1185 Ι
735 1121 784 1171 487
796 1132 835 1186 sq.
854 1121 883 1164 mi
898 1121 922 1164 Β.
963 1133 1028 1176 equrn
1041 1122 1081 1171 Bo,
1100 1133 1168 1184 eoum
1182 1135 1240 1164 mon.
1256 1134 1299 1165 roc.
1346 1123 1401 1166 Luc-

285 1199 350 1241 utos.-
369 1195 462 1248 (ortosse
474 1194 527 1236 bueo
542 1193 594 1235 olim
612 1193 636 1234 in
654 1193 751 1245 marcise
764 1192 872 1243 adscripto
885 1195 960 1232 erunt:
978 1196 1002 1232 nl
1020 1191 1098 1244 opinor
1114 1179 1183 1233 ‘illius
1196 1189 1335 1245 inspectandi
1353 1189 1404 1233 milri

286 1270 346 1308 esset
363 1263 433 1306 msicr
452 1251 529 1316 copiu'
583 1259 711 1306 bucobolins
728 1260 759 1301 sic
777 1259 815 1302 los
833 1258 951 1300 uersiculos
968 1257 1126 1310 conformavit:

403 1322 429 1390 lit
447 1345 478 1388 illi
496 1343 555 1387 illius
574 1343 712 1398 {aspectandi
731 1343 760 1385 mi
778 1343 839 1386 esset
856 1343 926 1386 molor
945 1342 1016 1396 cepio,
1354 1342 1401 1385 48¹1

403 1414 455 1456 Plus
473 1411 580 1455 uidissem
599 1412 684 1467 opinor,
703 1422 769 1465 onom
787 1411 836 1453 med
855 1411 919 1464 itque
937 1410 990 1452 illoc
1009 1409 1103 1464 sequens
1122 1410 1184 1453 locet.

251 1499 411 1562 (moriremur
426 1500 502 1552 priore
521 1509 535 1538 o
552 1496 668 1540 llileobeiio
687 1502 772 1548 recepto
789 1496 934 1548 posteriorem
950 1495 996 1536 ito:

404 1567 455 1609 Plus
473 1565 579 1608 uidissem
598 1564 665 1606 miser
684 1562 762 1617 opinor
779 1563 844 1616 quem
863 1573 898 1603 me
918 1568 982 1615 stqrro
1001 1561 1038 1603 illo
1058 1562 1151 1615 coquom
1172 1561 1233 1602 iuret.

252 1638 387 1681 limmcoous
405 1635 509 1678 traditum
530 1633 658 1684 scripturam
676 1630 766 1673 reticuit
784 1629 827 1672 nist
844 1630 900 1682 estod
918 1631 1034 1681 inpriore
1052 1639 1115 1670 uerso
1136 1628 1154 1670 si
1173 1627 1234 1670 illum
1256 1629 1343 1680 compen
1359 1641 1402 1682 pro

252 1701 330 1764 sinu..)

337 1815 441 1898 Atque
459 1809 606 1878 infinitiui
629 1807 756 1892 quidem
775 1807 898 1892 pudore
919 1806 961 1890 (u.
979 1811 1052 1884 483)
1075 1807 1215 1874 indolem
1233 1807 1404 1894 Ussingius

252 1937 314 1984 non
338 1915 416 1981 setis
438 1909 610 1978 intellexit:
633 1927 737 1991 neque
753 1909 837 1975 enim
852 1916 901 1976 est
915 1907 1089 1976 infinitiuus
1104 1908 1272 1974 historicus
1287 1909 1319 1990 ¹),
1343 1911 1404 1977 sed

253 2037 293 2083 ex
309 2015 377 2078 nidi
390 2011 487 2080 uerbo
503 2009 591 2078 finito
607 2017 700 2096 uptus
723 2015 912 2076 structuram
935 2010 1054 2094 excipit
1076 2029 1186 2076 uersus
1210 2012 1281 2093 481,
1303 2010 1404 2078 inter-

252 2121 378 2202 ruptam
390 2115 480 2180 illsm
496 2111 626 2195 quidem
641 2111 854 2195 subsequente
869 2130 962 2178 uersu
980 2111 1023 2177 od
1044 2109 1234 2176 infinitiuum
1248 2109 1403 2195 socer02)

253 2216 447 2304 explicabas
462 2213 680 2284 coniunctione
702 2233 794 2297 quom
817 2214 985 2298 applicato.
1023 2211 1094 2290 Qua
1115 2212 1147 2275 in
1170 2230 1203 2276 re
1227 2211 1303 2291 quid
1325 2212 1405 2278 insit

254 2321 339 2405 quod
357 2317 544 2386 insolentius
565 2313 713 2381 uideatur
734 2313 921 2393 intellegere
943 2332 1020 2379 sane
1042 2333 1105 2379 non
1127 2330 1263 2396 possum.
1300 2313 1403 2381 Recte

253 2429 360 2488 tamen
389 2417 474 2483 idem
505 2413 658 2480 iudicauit
690 2432 818 2478 uersum
848 2417 908 2478 487
939 2415 1114 2481 certissime
1147 2414 1288 2498 spurium
1317 2435 1401 2484 esse.

253 2519 355 2598 Quem
370 2523 405 2584 ut
421 2536 480 2600 ego
495 2518 667 2606 praecinite
683 2513 844 2578 Loewio
863 2534 903 2579 ex
921 2514 1302 2600 interpretamentis
1324 2536 1401 2583 con-

252 2620 362 2686 flatum
385 2634 456 2684 esse
479 2634 643 2698 censeam,
675 2635 739 2680 non
761 2615 852 2681 metri
876 2615 951 2680 uitio
976 2615 1119 2682 adducor
1129 2615 1171 2699 3),
1200 2616 1258 2681 sed
1287 2637 1403 2686 sensus

254 2718 559 2800 constructionisque
576 2717 807 2783 enuntiatorum
828 2716 1012 2802 rationibus,
1036 2735 1115 2799 quos
1130 2716 1200 2782 fieri
1214 2737 1278 2784 non
1293 2724 1402 2801 potest

254 2822 331 2906 quin
344 2842 473 2908 pessum
495 2820 562 2904 des,
585 2820 613 2886 si
634 2820 724 2885 illum
746 2818 978 2902 seruaueris4):
1002 2837 1065 2900 qus
1087 2817 1216 2902 quidem
1238 2818 1279 2884 de
1301 2840 1402 2888 cause

340 3060 362 3114 ll
383 3054 453 3107 Huic
470 3052 576 3120 quidem
593 3051 667 3105 nullo
685 3051 764 3105 modo
783 3049 827 3104 hio
844 3050 934 3104 locum
951 3065 1011 3105 esse
1028 3050 1254 3107 confidentissime
1273 3057 1402 3112 contendi

253 3141 368 3210 poteret.
405 3135 524 3190 Facilius
542 3132 641 3202 uliquis
660 3135 693 3187 de
709 3132 756 3188 inf.
776 3133 977 3189 exclamationis
996 3135 1114 3204 cogitare
1137 3137 1224 3204 possit
1249 3138 1317 3194 conl.
1336 3140 1402 3197 Ter.

253 3222 359 3277 Phorm.
382 3223 444 3274 1042
463 3218 504 3273 nil
518 3217 636 3289 pudere:
656 3233 708 3287 quo
727 3223 815 3270 tomen
833 3217 892 3272 loco
909 3219 1030 3288 pedesne
1047 3220 1219 3276 scribendum
1237 3237 1297 3277 esse
1315 3223 1401 3294 duco;

252 3321 338 3378 neque
356 3305 477 3360 locorum
494 3303 568 3358 uelut
587 3302 693 3356 Phorm.
708 3305 757 3355 2³3
776 3308 891 3369 cognato
910 3315 970 3356 cum
988 3303 1040 3357 hoc
1058 3308 1099 3359 est
1115 3305 1245 3361 condicio.

338 3394 363 3455 t)
381 3390 456 3456 Ques
466 3386 676 3443 constructionis
688 3384 775 3441 lormo
785 3385 858 3454 apud
868 3385 993 3441 Plautum
1003 3387 1180 3444 usitatissime
1191 3396 1244 3446 est:
1262 3392 1297 3447 oi.
1307 3394 1401 3450 Lueb·

252 3473 323 3529 berti
340 3473 434 3527 Studia
450 3487 559 3541 gramm.
578 3471 629 3525 uol.
648 3470 674 3524 11
694 3488 720 3540 p.
740 3475 788 3524 238
799 3486 837 3538 sq.

338 3559 363 3623 3)
381 3555 422 3610 Ol.
442 3555 558 3624 Ussingii
576 3557 792 3611 commentarios:
815 3558 908 3610 notum
926 3555 997 3608 enim
1015 3561 1056 3611 est
1074 3557 1147 3612 illius
1165 3558 1318 3629 similesque
1335 3577 1401 3630 pro·

252 3642 387 3699 nominum
405 3637 592 3708 genetiuorum
609 3639 708 3694 formes
727 3641 794 3695 dues
811 3655 891 3709 posse
908 3655 1025 3708 aequore
1043 3642 1168 3712 syllabas.

338 3731 364 3794 l)
381 3724 463 3780 Nullo
481 3726 561 3792 pecto
579 3728 651 3777 storo
669 3739 747 3793 posse
765 3725 900 3794 Spengelii
918 3725 960 3790 (T.
974 3725 1011 3779 Μ.
1027 3725 1140 3782 Plautus
1158 3742 1183 3795 p.
1203 3731 1235 3780 64
1245 3735 1294 3795 sq.)
1313 3729 1400 3798 expli·

255 3813 387 3868 sotionem
406 3807 604 3865 euidentissime
620 3808 784 3864 Ritschelius
802 3810 885 3864 euicit
897 3809 997 3878 Opusc.
1009 3811 1063 3865 nol.
1074 3809 1099 3863 ΙΙ
1112 3826 1138 3878 p.
1150 3814 1213 3864 699:
1232 3812 1291 3881 ipse
1308 3819 1400 3869 sutem

253 3903 280 3951 et
298 3897 344 3964 qni
361 3912 394 3951 ex
411 3897 489 3964 perte
512 3907 572 3947 enm
594 3897 703 3946 secutus
728 3898 769 3948 est
786 3894 990 3962 Fleckeisenus‚
1017 3909 1076 3948 curn
1101 3893 1201 3949 tradite
1224 3912 1278 3950 non
1302 3897 1401 3953 leniter

254 3985 456 4044 commutescat,
474 3975 633 4033 sententium
646 3975 792 4032 effecerunt
803 3979 971 4033 tolerabilem
985 3977 1099 4046 quidem,
1116 3993 1203 4046 neque
1215 3985 1304 4034 temen
1319 3981 1400 4038 nimis

254 4067 388 4132 comptem
406 4077 492 4129 neque
510 4060 692 4116 concinnitate
708 4067 821 4129 metum,
839 4064 887 4118 seri
904 4077 1015 4130 prorsus
1032 4061 1235 4118 redundantem.
1266 4063 1400 4122 Dubitare
