3092 4756
336 274 378 330 De
395 274 562 331 Bacchidem
579 275 721 332 Plautinae
738 277 931 336 retractatione
947 279 1082 336 scaenica.
1221 281 1283 342 163
1389 291 1391 294 '

138 446 331 530 quaerimus,
360 447 515 514 Bacchidi
537 447 633 514 tribui
655 466 760 532 00000.
806 446 887 516 Sunt
914 449 1010 535 igitur
1039 451 1182 520 eiusdem
1210 473 1281 539 per-

137 568 229 616 sonae
251 547 449 631 eandemque
463 548 585 616 habent
607 549 671 616 uim
688 553 721 616 et
742 547 1005 630 significationem
1027 573 1067 620 ac
1088 555 1195 640 priora
1212 555 1281 642 illa,
1390 589 1393 596 -

27 724 28 746 χ
137 671 212 735 quae
235 656 363 718 exstant
384 671 415 717 u.
439 648 501 716 86¹).
526 652 583 732 873
612 667 671 716 nec
691 657 826 736 possunt
847 651 996 738 coniungi
1024 675 1096 722 oum
1116 656 1167 739 iis,
1197 676 1281 740 quae

136 755 255 837 amplae
283 751 412 835 quidem
440 753 575 818 lacunae
602 752 777 821 intercessu
806 752 840 818 in
868 753 939 837 1000
967 756 1084 846 Vetere
1110 765 1282 842 segregato

136 859 378 938 consequuntur:
406 851 714 932 000000010οῑ,
743 855 831 920 baad
857 854 997 922 mutabo:
1027 857 1143 941 quibus
1172 878 1279 926 exem·

134 958 189 1040 ptis
201 956 429 1043 percommode
445 977 516 1023 cum
531 955 656 1038 reliqua
671 977 782 1024 uersus
803 959 843 1022 90
858 962 950 1042 parte
971 958 1112 1027 inanius
1133 967 1280 1045 septena·

134 1059 167 1124 rii
185 1059 405 1144 integritatem
428 1058 618 1126 coalescunt.
663 1058 725 1124 Illa
753 1064 860 1126 autem
882 1059 969 1146 ipsa,
1003 1081 1086 1146 0000
1108 1061 1281 1129 turbabant

133 1180 236 1228 sanam
259 1179 443 1228 sermonum
464 1159 639 1242 rationem,
664 1157 741 1241 quid
763 1159 893 1228 tandem
915 1161 1093 1231 inuenietur
1115 1162 1201 1246 quod
1223 1170 1280 1231 aut

134 1263 228 1329 lenius
250 1263 294 1330 011
315 1269 372 1329 001
393 1262 497 1347 magis
519 1283 560 1328 ex
582 1261 655 1346 ipsa
682 1261 728 1328 rei
750 1270 865 1329 natura
886 1269 1004 1346 aptum,
1032 1284 1128 1347 quam
1148 1272 1184 1332 ut
1206 1285 1278 1333 con-

132 1365 325 1444 glutinentur
339 1384 410 1430 cum
426 1361 626 1432 hemistichio
642 1353 699 1430 illo
713 1381 825 1430 uersus
841 1365 881 1428 86
897 1357 1011 1448 priore,
1027 1365 1112 1446 quod
1128 1372 1160 1434 01
1174 1367 1279 1452 ipsum

132 1467 237 1532 tollore
259 1464 432 1532 uidebatur
451 1467 609 1531 sincerum
625 1468 657 1530 01
678 1464 893 1532 necessarium
907 1465 1136 1532 sententiarum
1151 1485 1278 1552 nexum,

131 1566 186 1635 hoc
207 1567 340 1649 quidem
362 1567 526 1651 exemplo:

130 1736 232 1804 <BhG:)
251 1735 332 1790 Hanc
344 1731 452 1788 ueniam
469 1731 522 1789 illis
541 1733 599 1788 sine
617 1736 644 1786 te
664 1729 781 1810 exorem.
808 1731 914 1804 <Nica
931 1732 1009 1803 Quod
1017 1729 1111 1872 bsdnrel
1128 1733 1191 1800 dixi,
1210 1733 1279 1790 haut

940 1820 1015 1873 muta
1036 1834 1062 1873 ο.

131 1957 225 2036 Quem
249 1975 378 2024 uersum
401 1955 442 2022 ab
457 1955 551 2024 huius
573 1956 637 2024 loci
651 1963 839 2040 argumento
853 1976 983 2041 prorsus
997 1955 1170 2026 abhorrere
1185 1979 1276 2044 aper·

29 2139 31 2156 ,
129 2066 192 2124 tum
214 2064 278 2126 est:
302 2058 357 2123 ubi
379 2057 545 2142 pristinem
567 2078 659 2125 suam
681 2058 792 2126 sedern
813 2076 1001 2141 recuperare
1016 2057 1172 2142 uideatur,
1194 2080 1278 2128 nunc

127 2181 185 2228 11011
207 2180 365 2227 (iuramus.
388 2195 429 2206 ·-

206 2281 316 2361 Atque
338 2277 400 2344 hoc
422 2277 552 2360 quidem
573 2277 606 2346 in
628 2279 699 2345 loco
721 2275 801 2345 00110
824 2281 983 2360 comptam
1014 2276 1166 2358 consequi
1188 2275 1278 2346 licuit

126 2381 376 2466 septenariomm
403 2380 632 2463 integritatem,
661 2398 764 2462 neque
794 2399 873 2465 0000
903 2384 972 2447 erat
1000 2399 1071 2446 cum
1099 2378 1276 2449 Ritschelio

126 2485 165 2550 ed
179 2485 327 2550 ultimum
342 2481 422 2547 illud
442 2488 474 2550 et
495 2488 672 2549 extremum
694 2502 863 2564 recurrere,
885 2489 921 2550 ut
939 2483 1055 2550 lacuna
1069 2487 1276 2551 statueretur:

126 2606 185 2652 non
206 2583 279 2669 pari
299 2582 432 2651 lenitate
454 2582 595 2650 01111001
617 2581 797 2667 castigandi
820 2587 902 2649 0001.
946 2585 1092 2666 Etenim,
1122 2604 1194 2652 cum
1222 2587 1275 2652 uel

125 2687 226 2770 00010
242 2705 337 2768 quam
353 2685 505 2751 librorum
528 2683 701 2751 auctoritas
723 2682 924 2768 respicienda
946 2688 1032 2751 00001
1051 2685 1153 2768 100100
1167 2685 1276 2752 Plauti

124 2809 174 2854 ars
196 2795 229 2855 01
251 2783 456 2869 consuetude,
480 2805 575 2868 quem
596 2783 725 2868 quidem
749 2788 901 2868 quantum
919 2783 987 2851 fieri
1007 2788 1126 2869 posset,
1148 2784 1276 2868 singula

125 2889 288 2956 enuntiata
309 2885 506 2971 singulorum
527 2906 678 2954 uersuum
700 2886 816 2954 finibus
845 2884 1115 2972 comprehendere
1145 2884 1275 2952 solitum

124 3011 192 3057 esse
215 3009 281 3057 non
302 3008 382 3073 opus
405 2996 455 3056 est
477 2989 633 3073 exemplis
655 2990 807 3074 probare:
830 3007 927 3073 aegre
949 2987 1008 3055 tuli
1030 2986 1170 3072 dispesci
1191 2987 1276 3056 hunc

124 3090 395 3175 elegantissimum
418 3091 649 3176 septenarium:

123 3259 206 3314 Bac:
231 3259 317 3313 Immo
336 3258 459 3325 equidem
476 3258 522 3327 pol
538 3261 629 3314 tecum
646 3261 818 3327 accumbam,
841 3265 868 3314 te
886 3256 981 3314 amdho
999 3261 1072 3312 0110
1089 3256 1274 3374 amplexhtbor.

27 3341 28 3344 ’
1154 3343 1209 3395 78.
1230 3345 1274 3396 79⁸

121 3478 324 3562 Accedebat,
353 3477 440 3563 quod
462 3499 545 3562 quae
566 3485 776 3563 sequerentur
797 3479 831 3544 in
852 3475 1008 3562 principio
1030 3497 1142 3549 uersus
1168 3482 1274 3548 conlo·

122 3583 225 3651 canda
247 3601 319 3649 esse
341 3589 373 3650 01
394 3583 566 3650 uerborum
588 3581 757 3665 rhythmus
786 3578 923 3648 docebat
951 3600 1056 3664 neque
1083 3583 1148 3650 alio
1178 3587 1274 3664 pacto

122 3705 171 3752 00.
196 3687 238 3750 80
268 3704 317 3768 00.
345 3685 613 3769 septentrionum,
641 3689 678 3750 ut
712 3703 771 3768 par
801 3686 885 3765 erat,
915 3703 1083 3751 mensurae
1110 3680 1273 3747 conciliari

120 3789 282 3870 poterant:
305 3791 416 3853 contra
439 3804 521 3866 0000
542 3783 741 3870 praecedunt
769 3783 894 3868 (uersus
910 3789 950 3852 78
974 3785 1044 3851 dico
1066 3780 1273 3866 principium)

120 3906 225 3969 00000
246 3885 316 3952 iure
337 3887 424 3971 prius
446 3907 485 3955 ac
505 3885 663 3972 posterius
686 3887 858 3972 septenarii
883 3887 1059 3954 membrum
1081 3883 1274 3952 constituere

122 3988 323 4056 uidebantur.
368 3989 481 4070 Itaque
503 3993 578 4056 ante
600 3988 681 4058 haec
703 3989 869 4058 dimidiam
898 4007 1008 4056 uersus
1036 3991 1159 4072 partem
1187 3986 1272 4055 exci-

1021 4105 1067 4158 tt*
