3132 4750
381 335 422 390 De
439 333 608 390 Bacchidum
625 332 767 390 Plautinae
786 334 979 390 retractatione
997 333 1131 390 scaenica.
1266 332 1323 392 141

174 503 406 590 discripsimus,
428 511 464 570 ut
476 505 655 591 interrupta
669 504 835 590 aptissime
849 504 882 571 in
897 511 1032 586 utraque
1047 504 1232 573 recensione
1255 513 1328 590 post

173 625 304 674 uersum
326 610 387 672 988
411 604 612 690 dipodiarum
634 607 847 691 perpetuitate
875 611 1063 672 retractator
1084 604 1232 674 uideatur
1253 608 1328 676 ilico

174 728 236 792 per
251 713 351 774 totum
366 709 471 773 locum
487 728 550 774 uno
566 715 675 775 tenore
697 727 844 775 numeros
865 725 967 789 usqne
986 705 1032 798 ad
1053 708 1250 776 senariorum
1273 731 1326 778 ex-

175 809 302 875 ordium
324 809 576 892 continuauisse;
606 814 717 876 eontra
739 808 933 876 recensionis
954 798 1109 893 Aprimo
1132 811 1246 893 uersui,
1273 811 1328 894 qui

175 915 228 976 est
249 909 446 994 septenarius
469 909 585 990 troch,
615 909 757 976 eiusdem
780 911 906 992 generis
928 912 1058 980 adnecti
1085 931 1211 979 uenum
1234 912 1327 977 Nico·

175 1009 280 1092 bolus,
305 1016 338 1077 ut
354 1017 422 1078 erat
436 1011 657 1078 stomachosus
673 1012 842 1097 animoque
861 1021 1028 1097 commoto,
1051 1034 1115 1082 non
1136 1013 1328 1098 patiebatur,

174 1110 236 1178 sed
250 1112 438 1179 concitatius
456 1112 563 1179 uerbis
586 1113 710 1180 emissis
732 1115 863 1198 plenum
885 1122 1103 1182 tetrametrum
1126 1113 1234 1181 effecit
1254 1115 1327 1181 sub-

130 1278 136 1282 .
175 1219 333 1295 sequente
349 1215 492 1281 clausula
508 1213 680 1297 trochaica,
703 1215 781 1280 mox‘
795 1215 923 1296 quidem
943 1217 1095 1283 extremis
1116 1216 1263 1284 uersibus
1285 1216 1329 1286 ud

174 1315 428 1399 septenariorum
443 1315 584 1383 sedatius
599 1314 808 1399 profluentem
823 1315 1006 1399 rhythmum
1022 1337 1178 1385 reuersus.
1214 1317 1328 1400 Neque

175 1416 262 1483 enim
285 1434 414 1483 causam
436 1417 529 1484 uideo
553 1435 608 1483 eur
629 1435 818 1500 respuamus
840 1416 1018 1483 clausulam
1038 1419 1138 1502 illam,
1166 1437 1271 1502 quam,
1295 1425 1330 1486 ut

174 1518 316 1602 saepius,
335 1525 465 1604 propter
479 1517 670 1584 breuitatem
684 1514 833 1599 praefixit
847 1518 992 1601 proximo
1007 1519 1113 1584 uersui
1127 1520 1277 1586 librarius
1288 1521 1327 1603 1);

174 1623 284 1685 tuetur
306 1618 406 1700 enim,
435 1625 472 1685 ut
493 1622 542 1684 las
564 1622 629 1701 est,
658 1617 818 1699 utrimque
840 1617 1110 1685 continuationem
1141 1620 1282 1703 rhythmi
1292 1621 1328 1704 ε1).
1390 1613 1394 1619 ’

174 1717 272 1796 Quod
302 1725 409 1786 autem
437 1740 467 1785 u.
494 1725 512 1784 5
541 1718 649 1784 delere
678 1719 774 1800 ipitur
802 1719 900 1786 malui
930 1738 1026 1801 quam
1055 1739 1127 1785 cum
1156 1720 1328 1788 Ritschelio

172 1819 382 1904 praecedenti
404 1819 545 1906 adfigere
568 1818 680 1902 oculta,
708 1817 742 1884 id
768 1826 896 1886 secutus
922 1840 994 1886 sum
1022 1821 1161 1904 consilii,
1192 1827 1228 1886 ut
1244 1814 1330 1888 'ante

167 1921 374 2003 ¹sextariorum
389 1923 505 1991 seriem
519 1922 552 1987 in
568 1921 665 1987 arsim
681 1918 807 1985 desinat
829 1941 940 1989 uersus
952 1921 988 2005 3).
1023 1920 1145 1988 Eadem
1169 1920 1210 1988 de
1232 1941 1330 1990 causa

173 2126 227 2178 est.
263 2122 306 2176 De
323 2121 370 2188 iis,
393 2135 462 2189 quae
481 2119 683 2174 Studemnndus
703 2119 736 2173 de
755 2125 826 2173 eant.
845 2120 886 2173 Pl.
905 2135 931 2186 p.
951 2125 983 2174 16
993 2135 1032 2188 sq.
1051 2121 1114 2176 oiim
1132 2127 1329 2178 autumauerat

173 2223 205 2261 u.
224 2205 349 2260 Brixiam
366 2204 437 2259 Nou.
456 2218 518 2256 ann.
536 2209 555 2255 t.
568 2207 597 2255 91
617 2202 653 2267 (a.
670 2205 746 2266 1865)
764 2219 791 2270 p.
811 2207 852 2258 66.

267 2295 291 2354 1)
311 2288 352 2342 uf.
371 2287 617 2342 Studemundianae
634 2286 831 2341 dissertationis
851 2286 959 2354 saepius
977 2285 1103 2342 laudatae
1120 2304 1147 2356 p.
1167 2295 1191 2343 5.

264 2377 290 2438 1)
309 2372 370 2430 Vid.
389 2373 517 2428 Carolum
532 2370 653 2426 Conradt
670 2370 702 2425 de
720 2369 832 2425 metrica
850 2372 1043 2441 compositione
1059 2371 1213 2430 fabularum
1225 2376 1326 2431 Teren-

173 2459 244 2512 tian.
257 2475 283 2528 p.
297 2461 395 2512 tt-aa
408 2456 477 2512 conl.
489 2455 548 2510 Bic.
559 2455 675 2509 Bentleii
686 2448 888 2510 schediasmate
900 2454 934 2509 de
945 2457 1037 2512 metris
1047 2457 1201 2514 Terentiam
1215 2476 1241 2529 p.
1251 2459 1277 2514 X
1286 2477 1325 2530 sq.

174 2541 243 2598 edit.
261 2541 336 2610 Lips.
359 2545 387 2595 et
405 2540 473 2596 (iod.
496 2540 645 2595 Hermanni
667 2540 754 2594 Elem.
773 2539 860 2594 doctr.
883 2543 960 2593 metr.
977 2557 1003 2609 p.
1024 2545 1161 2596 tal-84.
1203 2543 1328 2600 Ceterum

174 2627 346 2694 uocabulum
361 2641 429 2696 cape
440 2624 559 2679 Hinclxio
571 2629 684 2679 auctore
696 2625 724 2677 in
742 2625 764 2676 B
782 2623 878 2692 incipit
895 2638 912 2677 a
928 2624 1119 2690 grandiuscula
1135 2627 1227 2682 littera
1245 2630 1328 2699 (quod

174 2711 280 2778 ubique
289 2711 354 2765 sfere
371 2709 474 2764 lactum
492 2713 533 2763 est
549 2709 578 2762 iu
594 2709 647 2762 hac
665 2708 874 2777 pericopapost
890 2723 1067 2775 personarum
1083 2711 1276 2778 mutationem),
1297 2721 1328 2768 ut

174 2809 214 2850 ne
231 2795 266 2848 ab
283 2795 336 2849 hac
354 2792 461 2863 quidem
478 2794 556 2861 parte
574 2793 718 2861 quicquam
741 2792 843 2858 obstet,
867 2793 1009 2861 quominus
1027 2808 1044 2847 a
1061 2809 1130 2849 uoce
1151 2796 1200 2850 illa
1223 2797 1328 2850 initium

174 2879 229 2932 fiat
246 2879 311 2935 noui
327 2877 465 2945 uersicuh3
486 2877 520 2932 cl.
539 2875 681 2931 Ritschelii
698 2876 820 2944 Prolegg.
837 2892 864 2944 p.
883 2880 915 2929 29
935 2876 1003 2931 conl.
1022 2877 1130 2946 Parerg.
1149 2895 1176 2948 p.
1195 2883 1253 2934 439.

266 2967 291 3027 3)
309 2963 455 3018 Verissime
473 2962 543 3016 enirn
560 2975 603 3014 me
619 2960 708 3015 indice
724 2959 862 3014 Bentleius
881 2960 915 3015 ad
927 2961 989 3014 Ter.
1001 2960 1086 3015 Andr.
1096 2962 1123 3015 11
1135 2967 1180 3028 1,’1
1200 2962 1245 3028 (cl.
1256 2964 1328 3021 Eun.

175 3047 207 3101 11
225 3052 297 3113 1,12.
322 3046 373 3100 Ad.
389 3047 415 3100 11
434 3050 510 3112 1,11)
529 3045 699 3100 obseruauit:
718 3043 858 3100 octonario
877 3045 962 3099 uoch.
981 3046 1061 3114 pleno
1078 3046 1223 3102 iambicum
1242 3049 1328 3104 subici

176 3146 290 3187 uersum
301 3146 361 3185 esse
371 3126 494 3199 ‘prorsus
507 3136 602 3186 contra
613 3133 699 3184 artem
711 3134 746 3195 et,
759 3130 782 3183 si
793 3144 886 3184 aurem
898 3130 957 3197 quis
969 3131 1102 3198 consulat,
1113 3130 1198 3201 ipsius
1211 3133 1329 3203 rhythmi

176 3219 209 3270 et
226 3215 341 3270 musices
359 3215 488 3270 rationes.
514 3213 676 3269 Octonarios
688 3227 793 3282 semper
807 3214 908 3283 excipit
924 3213 1089 3277 trochaicus,
1106 3231 1244 3285 nunquam
1261 3219 1327 3272 iam-

175 3297 273 3356 bicus?
311 3299 350 3354 cf.
369 3298 545 3354 Conradtium
563 3299 689 3353 demetr.
709 3313 795 3366 comp.
812 3296 868 3362 lah.
886 3297 949 3353 Ter.
970 3315 996 3366 p.
1016 3303 1064 3352 106
1083 3299 1154 3353 conl.
1171 3299 1327 3356 Hermanno

176 3384 266 3439 Elem.
285 3401 312 3452 p.
332 3387 379 3438 169
392 3400 430 3452 sq.
448 3382 563 3450 ,Quodsi
580 3383 626 3451 qui
643 3381 815 3451 reperiuntur
832 3397 929 3437 uersus
947 3381 1088 3449 proposita
1105 3383 1164 3451 lege
1181 3399 1237 3438 non
1256 3397 1327 3438 com·

176 3468 319 3538 prehensi,
344 3468 510 3524 confidenter
527 3467 630 3535 imputa
648 3472 697 3522 aut
713 3466 830 3521 librariis
848 3470 897 3520 aut
914 3464 1070 3520 editoribus.
1105 3466 1163 3521 Nec
1182 3473 1246 3540 sunt
1262 3484 1329 3524 sane

75 3614 79 3622 ¹
176 3553 264 3608 multi.
299 3553 382 3607 Velut
398 3553 427 3606 in
445 3551 568 3608 omnihus
586 3551 686 3606 fahuHs
704 3566 721 3604 a
738 3549 915 3604 Fleckeiseno
932 3548 1011 3604 editis
1029 3552 1152 3619 exempla
1168 3553 1221 3608 hoc
1238 3554 1266 3607 in
1282 3569 1328 3620 ge·

176 3651 244 3692 nere
261 3637 404 3706 peccantia
421 3652 476 3690 non
493 3637 586 3690 iuueni
600 3637 653 3692 nisi
664 3636 745 3690 haec:
764 3632 904 3688 aucam.
921 3633 1020 3688 Pseud.
1034 3638 1088 3694 169.
1100 3639 1156 3689 185.
1175 3637 1258 3691 Stich.
1270 3641 1327 3691 118.

100 3767 104 3770 .
176 3725 238 3776 281.
254 3726 303 3776 303
322 3724 349 3776 et
366 3735 400 3776 ex
411 3721 593 3802 Bacchidibus
610 3721 682 3775 hunc
700 3720 789 3788 ipsum
806 3718 835 3771 in
854 3733 906 3786 quo
925 3723 1051 3773 uersatur
1069 3722 1162 3774 nostra
1180 3720 1327 3788 disputatio

175 3807 283 3860 locum:
307 3823 334 3860 u.
349 3810 414 3871 9973
438 3821 472 3860 cx
495 3805 665 3860 Terentianis
687 3808 826 3872 praeterea
839 3802 920 3870 Bau.
937 3807 996 3857 558.
1013 3803 1095 3857 Haut.
1110 3808 1169 3856 515,
1187 3803 1254 3859 Hec.
1269 3809 1327 3859 169.
1439 3833 1441 3840 >

176 3890 249 3946 Nam
267 3889 359 3945 uersui
375 3890 446 3946 Bud.
461 3894 509 3944 938
529 3889 668 3944 excusatio
686 3890 784 3957 parata
802 3891 844 3942 est
861 3903 877 3941 a
895 3902 983 3943 nouae
1002 3901 1118 3941 scaenae
1135 3887 1223 3955 initi03
1243 3887 1328 3944 Stichi

97 3997 106 4004 ·
176 3979 271 4030 autem
284 3989 379 4029 uersus
393 3979 407 4027 3
420 3978 450 4028 ut
462 3974 528 4029 nitio
542 3978 634 4028 careat
646 3971 764 4026 efficitur
777 3969 898 4026 Baitiani
917 3972 1003 4035 metri,
1022 3969 1094 4038 quod
1111 3985 1159 4038 per
1177 3973 1328 4042 complures

175 4073 274 4134 uorem
290 4057 470 4124 condonatur,
488 4058 578 4112 indole
596 4073 629 4112 ac
646 4063 752 4121 natura,
771 4056 848 4112 cuius
867 4059 996 4111 constans
1015 4060 1056 4108 est
1073 4057 1100 4108 et
1117 4054 1234 4123 legitima
1251 4075 1268 4114 a
1285 4075 1328 4114 ce·
