3092 4756
279 353 340 414 146
662 349 838 406 Goullhurius
856 349 1029 405 Bruehmmm

276 523 575 593 enuntiatorum
595 539 720 589 nexus
736 528 792 588 aut
806 519 962 608 pessimos
976 527 1033 588 aut
1047 521 1152 588 nullos
1168 513 1241 590 esse
1252 521 1285 604 ¹).
1319 523 1435 605 Quid?

276 624 362 708 quod
383 625 481 692 etiem
502 643 555 691 uu,
575 627 783 689 1041-1043
805 622 890 690 male
913 642 948 690 se
970 622 1090 690 habent
1112 630 1184 708 post
1208 627 1433 710 1036-1040,

275 726 390 812 quibus
413 726 511 812 paulo
533 723 659 812 plenius
685 723 817 793 eaedem
846 725 912 790 fere
941 726 1119 792 sententiae
1147 727 1212 792 iam
1243 726 1433 812 propositae

275 834 358 896 sunt.
401 828 452 895 Ne
473 825 592 893 diutius
614 825 784 892 disseram:
812 825 881 892 ueri
902 845 968 892 non
989 823 1145 895 dissimile
1166 826 1435 912 uideturuersus

278 932 490 995 1041-1046
511 932 751 994 retraetatorem
766 926 946 1010 reposuisse
961 947 1019 1011 pro
1040 927 1186 994 uersibus
1211 931 1381 994 1036-40
1397 936 1434 995 et
1529 971 1530 1014 p

279 1032 463 1111 1047—493
487 1027 663 1095 deteriores
679 1025 752 1093 illos
775 1024 904 1108 quidem
927 1047 998 1094 oum
1020 1029 1093 1095 aliis
1114 1030 1209 1098 rebus
1230 1035 1298 1096 tum
1319 1050 1432 1096 nume·

275 1152 382 1198 rorum
397 1131 560 1212 languore,
582 1145 645 1208 quo
660 1127 844 1194 laborantes
858 1147 955 1212 aegre
972 1128 1143 1196 decurrunt
1162 1149 1274 1198 uersus
1292 1135 1372 1196 1041
1398 1137 1434 1197 et
1529 1139 1530 1182 1

280 1235 359 1296 1045
372 1229 407 1314 ²).
451 1229 611 1309 Utrosque
633 1228 718 1296 inira
740 1227 895 1297 diseretos
917 1229 1049 1297 habeto:

734 1427 832 1484 Beue.
851 1429 877 1480 A
895 1432 926 1484 et
943 1429 974 1483 B.

276 1545 374 1613 (N102)
391 1541 468 1602 ‘Vsle
486 1513 566 1616 etque
583 1546 652 1601 haee
670 1541 752 1601 eura?
789 1546 858 1614 Quid
875 1531 1068 1615 uuue'eenses,
1087 1543 1236 1619 Chrysalo?

786 1713 861 1768 Reo.
879 1716 913 1768 A.

276 1832 362 1888 OHR:
383 1831 458 1887 Nihil
476 1827 526 1900 ego
543 1831 593 1885 libi
610 1821 690 1885 hodie
708 1830 804 1885 sensili
821 1829 963 1900 quidquem
982 1833 1062 1897 dabo,

275 1916 371 1982 Neque
388 1930 437 1982 ego
454 1913 526 1968 haud
544 1914 717 1981 committam,
735 1918 775 1980 ut,
793 1913 817 1969 sl
835 1914 899 1984 quid
916 1921 1059 1984 peceatum
1076 1916 1135 1984 siet,

274 1998 385 2052 Fecisse
402 1997 477 2053 dieas
496 1997 529 2052 de
547 2012 606 2052 mea
624 1995 767 2053 sententia,

274 2081 384 2148 Verum,
402 2081 439 2135 lus
450 2096 499 2150 ego
517 2082 622 2151 opinor,
641 2083 689 2152 ego
707 2084 731 2140 si
748 2084 863 2139 iuistoc
882 2083 933 2140 slm
950 2085 1019 2151 loeo,

275 2165 344 2220 Dem
361 2165 451 2237 petius
469 2181 574 2232 aurum,
593 2171 673 2237 quem
689 2169 765 2224 illum
783 2171 919 2238 corrumpi
937 2169 1030 2224 sinam.

274 2251 350 2306 NIC:
368 2251 411 2306 Ne
428 2252 474 2308 ille
491 2250 588 2321 edepol
604 2253 709 2320 Ephesi
726 2253 810 2309 multo
828 2249 970 2307 muuellem
987 2252 1066 2317 foret,
1113 2281 1116 2288 =

274 2336 347 2389 Dum
365 2336 456 2391 selues
474 2341 553 2401 esset,
571 2339 652 2403 quem
669 2332 819 2391 reueuisset
834 2336 951 2390 domum.

276 2417 346 2485 Quin
364 2419 422 2486 ego,
439 2419 501 2473 istie
520 2419 590 2486 quod
607 2420 810 2489 perdundumst,
827 2434 969 2491 properem
986 2418 1117 2490 perdere?
1189 2421 1192 2425 ’

784 2604 860 2660 Res.
879 2605 911 2658 Β.

252 2785 253 2790 1
275 2717 361 2774 GHR:
380 2717 458 2774 Duae
476 2721 647 2778 condiciones
666 2726 741 2777 sunt:
759 2727 790 2779 tu
807 2727 897 2780 utram
915 2719 1031 2793 accipies
1043 2722 1124 2802 udde:

274 2805 325 2862 Vel
343 2809 375 2861 ut
391 2809 486 2861 aurum
504 2806 610 2875 perdas,
628 2803 722 2863 uelut
742 2813 847 2863 amator
865 2806 987 2877 periuret,

274 2891 334 2960 Ego
352 2892 439 2960 neque
455 2894 483 2945 te
500 2891 581 2945 iubeo
598 2887 687 2960 neque
704 2896 770 2947 uoeo
788 2907 877 2961 neque
895 2892 1003 2946 suedeo.

274 2975 350 3030 NIOz
368 2973 482 3031 Miseret
499 2990 541 3028 me
557 2974 638 3029 illius.
675 2975 758 3030 CHR:
777 2975 853 3032 Tuus
871 2977 921 3040 est,
939 2991 994 3030 non
1011 2973 1106 3029 mirum
1123 2974 1199 3030 lueis.
1257 3032 1266 3039 ,

274 3057 356 3112 NIO:
375 3059 402 3111 si
420 3061 479 3126 plus
497 3057 666 3140 perdundum
684 3061 727 3122 slt,
745 3059 848 3126 perisse
865 3059 990 3113 sueuiust
1161 3089 1164 3096 ·

239 3224 241 3227 Ι
274 3141 359 3208 Quum
375 3140 444 3194 illud
460 3139 592 3236 flagitium
610 3142 690 3208 uelgo
709 3139 898 3209 dispulesoere.
1359 3148 1428 3200 1040

732 3307 873 3362 Reocffd
891 3312 924 3362 et
940 3308 971 3361 Β.

274 3427 359 3482 Bines
376 3427 508 3485 ducentos
525 3429 662 3499 Philippos
679 3427 733 3482 iam
750 3427 823 3481 inlus
842 3423 967 3481 eolerem.
1358 3433 1426 3483 1050

308 3566 543 3682 Adnddegpte'de
561 3647 610 3678 mea
629 3637 752 3679 dubitanter
769 3635 883 3678 Muellerus
899 3635 953 3676 loo.
972 3635 1033 3678 Pros.
1051 3635 1084 3678 Pl.
1099 3647 1123 3687 p.
1141 3634 1189 3680 121.
1214 3627 1218 3696 Ι
1244 3631 1317 3683 1039,
1343 3636 1426 3690 slago

309 3715 356 3746 oum
373 3702 422 3745 libr.
439 3702 501 3746 llos:
525 3702 553 3754 of.
570 3702 686 3746 Ricsohelii
703 3704 801 3756 Prolepp.
821 3715 844 3756 p.
863 3703 911 3747 2⁵⁶.
935 3695 939 3762 Ι
965 3699 1039 3750 1049.
1064 3702 1120 3753 Quid
1138 3701 1204 3744 islicl
1228 3696 1278 3766 (ul)
1296 3703 1355 3757 quod
1374 3716 1426 3758 per·

274 3817 478 3830 --.—--——-

361 3903 385 3962 1)
404 3897 534 3968 Chrysalo
546 3895 655 3949 relictos
667 3911 713 3949 uu.
729 3901 792 3951 1045
803 3914 843 3966 sq.
863 3903 953 3953 tamen
971 3900 1083 3966 propter
1095 3897 1246 3962 seuteptiue
1262 3898 1425 3966 importuni·

274 3985 359 4038 tatem
377 3998 449 4053 pone
469 3986 532 4037 1040
551 3979 704 4035 conlocauit
721 3979 782 4036 Urs.

330 4101 333 4106 ‚
359 4071 385 4133 1)
402 4066 470 4123 Vide
488 4061 631 4121 Ritsohelii
647 4061 770 4132 Prolegg.
790 4080 817 4132 p.
836 4069 911 4119 205.-
