3080 4748
524 1107 530 1116 “
599 1138 874 1222 nuluslnto.

690 1313 794 1322 --—-

250 1410 441 1494 Priusquam
464 1410 596 1477 adrem
619 1411 815 1497 propositam
837 1409 1078 1494 aggrediamur,
1107 1429 1245 1492 aequum
1271 1417 1321 1477 est

110 1567 116 1580 κ
167 1533 237 1596 eius
252 1530 313 1596 uiri
327 1531 428 1596 multa
443 1534 475 1595 et
490 1529 620 1612 egregia
633 1529 667 1594 in
681 1548 733 1594 me
748 1535 781 1594 et
797 1527 838 1594 de
852 1525 904 1594 his
925 1529 1005 1595 meis
1023 1547 1106 1612 quae
1126 1527 1322 1597 hoo'libello
1404 1525 1411 1546 '

167 1648 367 1715 continentur
381 1646 496 1714 studiis
510 1651 601 1729 grato
617 1645 723 1713 animo
738 1666 790 1713 me
804 1641 992 1732 praedicare
1007 1646 1131 1729 merita,
1154 1646 1243 1713 cuius
1264 1667 1332 1713 au-x

167 1767 324 1849 spicatum
339 1784 456 1832 nomen
470 1765 503 1831 in
517 1766 661 1851 principe
676 1765 819 1832 eiusdem
834 1764 955 1831 scheda
968 1769 1095 1832 exstars
1109 1766 1212 1832 uolui:
1228 1785 1320 1852 prae·

167 1884 306 1968 ceptoris
321 1883 383 1949 mei
398 1883 637 1966 studiorumque
653 1882 863 1951 moderatoris
877 1880 1103 1950 uenerabunde
1117 1882 1224 1949 amati
1257 1881 1320 1961 Qui

167 2008 203 2067 nt
217 2000 261 2068 ad
274 2001 387 2068 harum
406 2003 628 2085 quaestionum
650 2001 872 2069 tractationem
894 2000 1034 2067 animum
1056 2020 1163 2067 meum
1184 2001 1323 2087 impulit,

167 2119 222 2203 ita,
245 2139 317 2185 cum
329 2121 464 2204 comiter
483 2138 607 2186 mecum
630 2119 875 2187 communicarit
896 2125 928 2186 et
948 2119 1005 2185 ubi
1025 2119 1197 2204 reperirem
1212 2121 1323 2187 multis

170 2236 249 2302 locis
268 2237 414 2322 dispersa
435 2238 576 2305 uirorum
598 2235 763 2304 doctorum
785 2255 866 2318 quae
888 2234 932 2303 ad
952 2236 1036 2303 hanc
1049 2236 1156 2302 Plauti
1176 2237 1319 2305 fabulam

167 2361 349 2438 spectarent
369 2357 460 2423 naria
481 2353 661 2422 commenta
688 2362 721 2421 et
748 2355 970 2438 coniectanea,
999 2361 1032 2421 et
1059 2374 1142 2437 qnae
1164 2377 1183 2424 e
1204 2357 1322 2424 Vetere

169 2473 288 2542 Codice
302 2474 476 2541 Gamerarii
490 2480 564 2560 post
577 2473 744 2540 Ritschelii
758 2491 851 2539 curas
866 2472 1049 2540 admirabili
1064 2493 1136 2540 cnm
1151 2473 1321 2556 diligentia

169 2593 304 2660 eruisset
318 2592 412 2674 Hugo
428 2591 602 2677 Hinckins‚
624 2591 806 2659 necessaria
823 2590 1026 2676 maximeque
1048 2591 1139 2658 utilia
1160 2591 1240 2658 artis
1261 2592 1319 2658 cri·

169 2711 253 2778 ticae
275 2709 471 2779 factitandae
492 2709 637 2778 subsidia
658 2709 728 2796 ipse
750 2710 830 2776 mihi
850 2709 1006 2797 praebuit.
1050 2709 1203 2778 Eiusdem
1226 2715 1319 2777 oratu

169 2830 333 2896 dustanus
354 2829 497 2897 Loewc
519 2814 665 2912 rescripti
693 2827 768 2894 libri
789 2828 995 2895 Ambrosiani
1021 2849 1139 2896 nouam
1167 2829 1319 2896 conlatio-

170 2968 243 3012 nem
257 2947 495 3014 accuratissime
510 2966 531 3011 a
545 2966 580 3014 ss
595 2946 772 3014 confectam
787 2946 940 3013 utendam
954 2946 1131 3014 liberaliter
1147 2945 1227 3012 mihi
1247 2966 1318 3032 per·
1388 2976 1404 2990 *

171 3067 267 3137 misit.
316 3064 438 3148 Quodsi
468 3064 545 3147 quid
572 3065 667 3132 inerit
694 3065 726 3129 in
755 3064 805 3131 his
833 3064 1115 3132 exercitationibus
1143 3063 1229 3147 quod
1255 3064 1322 3157 illis

170 3185 313 3271 placeat,
343 3187 377 3251 et
398 3181 618 3250 dulcissimum
640 3191 673 3251 et
693 3183 913 3269 plenissimum
935 3183 1055 3251 laboris
1084 3185 1220 3249 fructum
1248 3201 1319 3268 per·

174 3282 299 3388 cepisse
320 3301 401 3367 mihi
421 3301 563 3369 uidebor.

206 3467 312 3522 Dabam
329 3465 532 3523 Herisclrdorfio
549 3481 566 3522 a
584 3465 646 3521 uico
664 3466 776 3522 Silesiae
793 3483 881 3539 prope
900 3443 1109 3524 Oemimontium
1128 3467 1181 3524 sito

273 3583 359 3625 mens.
372 3567 443 3626 Nou.
460 3584 485 3624 a.
498 3567 785 3630 emiscccnxxlx.
