<?xml version="1.0" encoding="UTF-8"?>
<!DOCTYPE html PUBLIC "-//W3C//DTD XHTML 1.0 Transitional//EN"
    "http://www.w3.org/TR/xhtml1/DTD/xhtml1-transitional.dtd">
<html xmlns="http://www.w3.org/1999/xhtml" xml:lang="en" lang="en">
 <head>
  <title>
</title>
<meta http-equiv="Content-Type" content="text/html;charset=utf-8" />
  <meta name='ocr-system' content='tesseract 3.04.00' />
  <meta name='ocr-capabilities' content='ocr_page ocr_carea ocr_par ocr_line ocrx_word'/>
</head>
<body>
  <div class='ocr_page' id='page_1' title='image "./debacchidumplau00bracgoog_0119.png"; bbox 0 0 3092 4756; ppageno 0'>
   <div class='ocr_carea' id='block_1_1' title="bbox 251 336 1006 400">
    <p class='ocr_par' dir='ltr' id='par_1_1' title="bbox 251 336 1006 400">
     <span class='ocr_line' id='line_1_1' title="bbox 251 336 1006 400; baseline -0.011 0"><span class='ocrx_word' id='word_1_1' title='bbox 251 339 311 400; x_wconf 76' lang='lat'><strong>164</strong></span> <span class='ocrx_word' id='word_1_2' title='bbox 640 337 816 394; x_wconf 87' lang='lat' dir='ltr'><strong>Gualtharius</strong></span> <span class='ocrx_word' id='word_1_3' title='bbox 834 336 1006 394; x_wconf 85' lang='lat' dir='ltr'><strong>Brachmunn</strong></span> 
     </span>
    </p>
   </div>
   <div class='ocr_carea' id='block_1_2' title="bbox 192 507 1406 898">
    <p class='ocr_par' dir='ltr' id='par_1_2' title="bbox 192 507 1405 696">
     <span class='ocr_line' id='line_1_2' title="bbox 192 507 1405 600; baseline 0.002 -24"><span class='ocrx_word' id='word_1_4' title='bbox 192 591 198 600; x_wconf 19' lang='grc' dir='ltr'>ι</span> <span class='ocrx_word' id='word_1_5' title='bbox 250 511 337 578; x_wconf 91' lang='lat' dir='ltr'><strong>disse</strong></span> <span class='ocrx_word' id='word_1_6' title='bbox 354 508 464 576; x_wconf 87' lang='lat' dir='ltr'><strong>notaui</strong></span> <span class='ocrx_word' id='word_1_7' title='bbox 477 507 516 592; x_wconf 89' lang='lat'><strong>¹):</strong></span> <span class='ocrx_word' id='word_1_8' title='bbox 539 507 590 574; x_wconf 91' lang='lat' dir='ltr'><strong>cui</strong></span> <span class='ocrx_word' id='word_1_9' title='bbox 612 507 785 593; x_wconf 90' lang='lat' dir='ltr'><strong>suspicioni</strong></span> <span class='ocrx_word' id='word_1_10' title='bbox 806 529 880 575; x_wconf 90' lang='lat' dir='ltr'><strong>num</strong></span> <span class='ocrx_word' id='word_1_11' title='bbox 902 509 1093 576; x_wconf 89' lang='lat' dir='ltr'><strong>conueniant</strong></span> <span class='ocrx_word' id='word_1_12' title='bbox 1113 507 1291 578; x_wconf 87' lang='lat' dir='ltr'><strong>sententiae</strong></span> <span class='ocrx_word' id='word_1_13' title='bbox 1305 510 1405 588; x_wconf 82' lang='lat' dir='ltr'><strong>ratio-</strong></span> 
     </span>
     <span class='ocr_line' id='line_1_3' title="bbox 252 608 854 696; baseline -0.003 -18"><span class='ocrx_word' id='word_1_14' title='bbox 252 631 310 678; x_wconf 90' lang='lat' dir='ltr'><strong>nes</strong></span> <span class='ocrx_word' id='word_1_15' title='bbox 331 610 517 696; x_wconf 91' lang='lat' dir='ltr'><strong>posterioris</strong></span> <span class='ocrx_word' id='word_1_16' title='bbox 540 609 600 675; x_wconf 90' lang='lat' dir='ltr'><strong>erit</strong></span> <span class='ocrx_word' id='word_1_17' title='bbox 621 608 854 694; x_wconf 76' lang='lat' dir='ltr'><strong>disputationis.</strong></span> 
     </span>
    </p>

    <p class='ocr_par' dir='ltr' id='par_1_3' title="bbox 249 710 1406 898">
     <span class='ocr_line' id='line_1_4' title="bbox 327 710 1406 792; baseline 0.001 -12"><span class='ocrx_word' id='word_1_18' title='bbox 327 710 423 780; x_wconf 84' lang='lat' dir='ltr'>Haud</span> <span class='ocrx_word' id='word_1_19' title='bbox 435 711 535 778; x_wconf 88' lang='lat' dir='ltr'><strong>multo</strong></span> <span class='ocrx_word' id='word_1_20' title='bbox 547 729 639 778; x_wconf 88' lang='lat' dir='ltr'><strong>secus</strong></span> <span class='ocrx_word' id='word_1_21' title='bbox 651 731 702 779; x_wconf 88' lang='lat' dir='ltr'><strong>res</strong></span> <span class='ocrx_word' id='word_1_22' title='bbox 713 730 748 777; x_wconf 89' lang='lat' dir='ltr'><strong>se</strong></span> <span class='ocrx_word' id='word_1_23' title='bbox 760 711 900 778; x_wconf 87' lang='lat' dir='ltr'><strong>habetu.</strong></span> <span class='ocrx_word' id='word_1_24' title='bbox 913 716 1047 792; x_wconf 88' lang='lat' dir='ltr'><strong>50sqq.:</strong></span> <span class='ocrx_word' id='word_1_25' title='bbox 1063 715 1137 776; x_wconf 90' lang='lat' dir='ltr'><strong>ante</strong></span> <span class='ocrx_word' id='word_1_26' title='bbox 1150 730 1229 792; x_wconf 88' lang='lat' dir='ltr'><strong>quos</strong></span> <span class='ocrx_word' id='word_1_27' title='bbox 1245 710 1406 781; x_wconf 86' lang='lat' dir='ltr'><strong>excidisse</strong></span> 
     </span>
     <span class='ocr_line' id='line_1_5' title="bbox 249 811 1404 898; baseline 0.002 -18"><span class='ocrx_word' id='word_1_28' title='bbox 249 835 349 883; x_wconf 92' lang='lat' dir='ltr'><strong>unum</strong></span> <span class='ocrx_word' id='word_1_29' title='bbox 371 813 606 892; x_wconf 82' lang='lat' dir='ltr'><strong>hemistichium</strong></span> <span class='ocrx_word' id='word_1_30' title='bbox 629 812 707 880; x_wconf 91' lang='lat' dir='ltr'><strong>mihi</strong></span> <span class='ocrx_word' id='word_1_31' title='bbox 734 811 864 894; x_wconf 87' lang='lat' dir='ltr'><strong>quidem</strong></span> <span class='ocrx_word' id='word_1_32' title='bbox 886 811 1088 878; x_wconf 89' lang='lat' dir='ltr'><strong>Hermannus</strong></span> <span class='ocrx_word' id='word_1_33' title='bbox 1116 833 1179 879; x_wconf 92' lang='lat' dir='ltr'><strong>non</strong></span> <span class='ocrx_word' id='word_1_34' title='bbox 1207 813 1358 898; x_wconf 88' lang='lat' dir='ltr'><strong>probauit</strong></span> <span class='ocrx_word' id='word_1_35' title='bbox 1369 818 1404 894; x_wconf 78' lang='lat'><strong>²).</strong></span> 
     </span>
    </p>
   </div>
   <div class='ocr_carea' id='block_1_3' title="bbox 251 913 1520 1000">
    <p class='ocr_par' dir='ltr' id='par_1_4' title="bbox 251 913 1520 1000">
     <span class='ocr_line' id='line_1_6' title="bbox 251 913 1520 1000; baseline -0.001 -18"><span class='ocrx_word' id='word_1_36' title='bbox 251 915 464 984; x_wconf 86' lang='lat' dir='ltr'><strong>Retinendum</strong></span> <span class='ocrx_word' id='word_1_37' title='bbox 480 916 587 1000; x_wconf 92' lang='lat' dir='ltr'><strong>potius</strong></span> <span class='ocrx_word' id='word_1_38' title='bbox 603 913 681 982; x_wconf 87' lang='lat' dir='ltr'><strong>duxi</strong></span> <span class='ocrx_word' id='word_1_39' title='bbox 706 934 800 996; x_wconf 89' lang='lat' dir='ltr'><strong>quem</strong></span> <span class='ocrx_word' id='word_1_40' title='bbox 822 915 980 998; x_wconf 87' lang='lat' dir='ltr'><strong>integrum</strong></span> <span class='ocrx_word' id='word_1_41' title='bbox 993 916 1020 980; x_wconf 93' lang='grc' dir='ltr'>Β</span> <span class='ocrx_word' id='word_1_42' title='bbox 1035 913 1168 980; x_wconf 82' lang='lat' dir='ltr'><strong>exhibet</strong></span> <span class='ocrx_word' id='word_1_43' title='bbox 1187 915 1405 998; x_wconf 90' lang='lat' dir='ltr'><strong>septenarium</strong></span> <span class='ocrx_word' id='word_1_44' title='bbox 1516 961 1520 964; x_wconf 95' lang='lat'>-</span> 
     </span>
    </p>
   </div>
   <div class='ocr_carea' id='block_1_4' title="bbox 243 1014 1407 2614">
    <p class='ocr_par' dir='ltr' id='par_1_5' title="bbox 243 1014 1407 2614">
     <span class='ocr_line' id='line_1_7' title="bbox 251 1014 1406 1102; baseline 0.003 -22"><span class='ocrx_word' id='word_1_45' title='bbox 251 1023 291 1082; x_wconf 79' lang='lat'><strong>50</strong></span> <span class='ocrx_word' id='word_1_46' title='bbox 301 1043 308 1084; x_wconf 92' lang='lat'><strong>:</strong></span> <span class='ocrx_word' id='word_1_47' title='bbox 319 1017 344 1102; x_wconf 85' lang='lat'><strong>³)</strong></span> <span class='ocrx_word' id='word_1_48' title='bbox 365 1037 440 1102; x_wconf 86' lang='lat' dir='ltr'><strong>ergo</strong></span> <span class='ocrx_word' id='word_1_49' title='bbox 456 1021 625 1101; x_wconf 83' lang='lat' dir='ltr'><strong>sequentes</strong></span> <span class='ocrx_word' id='word_1_50' title='bbox 641 1014 721 1082; x_wconf 89' lang='lat' dir='ltr'><strong>duos</strong></span> <span class='ocrx_word' id='word_1_51' title='bbox 737 1034 857 1098; x_wconf 91' lang='lat' dir='ltr'><strong>uersus,</strong></span> <span class='ocrx_word' id='word_1_52' title='bbox 880 1034 1014 1096; x_wconf 90' lang='lat' dir='ltr'><strong>quorum</strong></span> <span class='ocrx_word' id='word_1_53' title='bbox 1029 1014 1160 1096; x_wconf 91' lang='lat' dir='ltr'><strong>quidem</strong></span> <span class='ocrx_word' id='word_1_54' title='bbox 1175 1014 1280 1080; x_wconf 87' lang='lat' dir='ltr'><strong>exitus</strong></span> <span class='ocrx_word' id='word_1_55' title='bbox 1295 1016 1406 1084; x_wconf 87' lang='lat' dir='ltr'><strong>uerbis</strong></span> 
     </span>
     <span class='ocr_line' id='line_1_8' title="bbox 243 1114 1405 1202; baseline 0.003 -21"><span class='ocrx_word' id='word_1_56' title='bbox 243 1118 335 1202; x_wconf 78' lang='lat' dir='ltr'><strong>filios</strong></span> <span class='ocrx_word' id='word_1_57' title='bbox 349 1129 382 1181; x_wconf 83' lang='lat' dir='ltr'><strong>et</strong></span> <span class='ocrx_word' id='word_1_58' title='bbox 394 1137 519 1181; x_wconf 79' lang='lat' dir='ltr'><strong>coruom</strong></span> <span class='ocrx_word' id='word_1_59' title='bbox 534 1124 567 1184; x_wconf 86' lang='lat' dir='ltr'><strong>et</strong></span> <span class='ocrx_word' id='word_1_60' title='bbox 580 1118 741 1180; x_wconf 82' lang='lat' dir='ltr'><strong>maiorem.</strong></span> <span class='ocrx_word' id='word_1_61' title='bbox 775 1114 910 1179; x_wconf 88' lang='lat' dir='ltr'><em>PHIL:</em></span> <span class='ocrx_word' id='word_1_62' title='bbox 933 1114 1015 1178; x_wconf 82' lang='lat' dir='ltr'><strong>Abin</strong></span> <span class='ocrx_word' id='word_1_63' title='bbox 1033 1115 1124 1179; x_wconf 76' lang='lat' dir='ltr'><strong>hinc?</strong></span> <span class='ocrx_word' id='word_1_64' title='bbox 1146 1115 1295 1183; x_wconf 84' lang='lat' dir='ltr'><strong>constitui</strong></span> <span class='ocrx_word' id='word_1_65' title='bbox 1314 1117 1405 1185; x_wconf 84' lang='lat' dir='ltr'><strong>uide·</strong></span> 
     </span>
     <span class='ocr_line' id='line_1_9' title="bbox 252 1215 1406 1304; baseline 0.001 -19"><span class='ocrx_word' id='word_1_66' title='bbox 252 1220 375 1301; x_wconf 83' lang='lat' dir='ltr'><strong>bantur,</strong></span> <span class='ocrx_word' id='word_1_67' title='bbox 397 1226 432 1284; x_wconf 92' lang='lat' dir='ltr'><strong>ut</strong></span> <span class='ocrx_word' id='word_1_68' title='bbox 446 1218 535 1304; x_wconf 91' lang='lat' dir='ltr'><strong>potui</strong></span> <span class='ocrx_word' id='word_1_69' title='bbox 550 1218 745 1302; x_wconf 66' lang='lat' dir='ltr'><strong>suppleuill.</strong></span> <span class='ocrx_word' id='word_1_70' title='bbox 783 1215 962 1303; x_wconf 84' lang='lat' dir='ltr'><strong>Supplendi</strong></span> <span class='ocrx_word' id='word_1_71' title='bbox 983 1218 1062 1283; x_wconf 91' lang='lat' dir='ltr'><strong>item</strong></span> <span class='ocrx_word' id='word_1_72' title='bbox 1085 1223 1177 1282; x_wconf 89' lang='lat' dir='ltr'><strong>emnt</strong></span> <span class='ocrx_word' id='word_1_73' title='bbox 1198 1216 1259 1284; x_wconf 91' lang='lat' dir='ltr'><strong>soli</strong></span> <span class='ocrx_word' id='word_1_74' title='bbox 1280 1220 1406 1286; x_wconf 88' lang='lat' dir='ltr'><strong>coniec-</strong></span> 
     </span>
     <span class='ocr_line' id='line_1_10' title="bbox 252 1316 1405 1412; baseline 0.002 -27"><span class='ocrx_word' id='word_1_75' title='bbox 252 1327 343 1386; x_wconf 91' lang='lat' dir='ltr'><strong>turae</strong></span> <span class='ocrx_word' id='word_1_76' title='bbox 365 1317 484 1387; x_wconf 90' lang='lat' dir='ltr'><strong>confiso</strong></span> <span class='ocrx_word' id='word_1_77' title='bbox 507 1319 691 1412; x_wconf 84' lang='lat' dir='ltr'><strong>quicunque</strong></span> <span class='ocrx_word' id='word_1_78' title='bbox 711 1319 809 1386; x_wconf 90' lang='lat' dir='ltr'><strong>etiam</strong></span> <span class='ocrx_word' id='word_1_79' title='bbox 831 1323 953 1386; x_wconf 87' lang='lat' dir='ltr'><strong>restant</strong></span> <span class='ocrx_word' id='word_1_80' title='bbox 981 1316 1084 1384; x_wconf 89' lang='lat' dir='ltr'><strong>mutili</strong></span> <span class='ocrx_word' id='word_1_81' title='bbox 1105 1319 1295 1402; x_wconf 81' lang='lat' dir='ltr'><strong>septenarii:</strong></span> <span class='ocrx_word' id='word_1_82' title='bbox 1318 1320 1405 1387; x_wconf 89' lang='lat' dir='ltr'><strong>soili-</strong></span> 
     </span>
     <span class='ocr_line' id='line_1_11' title="bbox 253 1419 1407 1506; baseline 0.002 -18"><span class='ocrx_word' id='word_1_83' title='bbox 253 1426 305 1488; x_wconf 91' lang='lat' dir='ltr'><strong>eet</strong></span> <span class='ocrx_word' id='word_1_84' title='bbox 326 1425 454 1505; x_wconf 89' lang='lat' dir='ltr'><strong>praeter</strong></span> <span class='ocrx_word' id='word_1_85' title='bbox 474 1440 586 1488; x_wconf 92' lang='lat' dir='ltr'><strong>uersus</strong></span> <span class='ocrx_word' id='word_1_86' title='bbox 603 1425 643 1487; x_wconf 83' lang='lat'><strong>78</strong></span> <span class='ocrx_word' id='word_1_87' title='bbox 658 1421 798 1506; x_wconf 88' lang='lat' dir='ltr'><strong>priorem</strong></span> <span class='ocrx_word' id='word_1_88' title='bbox 812 1419 902 1487; x_wconf 86' lang='lat' dir='ltr'><strong>illam</strong></span> <span class='ocrx_word' id='word_1_89' title='bbox 917 1426 1039 1503; x_wconf 88' lang='lat' dir='ltr'><strong>partem</strong></span> <span class='ocrx_word' id='word_1_90' title='bbox 1054 1425 1165 1486; x_wconf 87' lang='lat' dir='ltr'><strong>nostra</strong></span> <span class='ocrx_word' id='word_1_91' title='bbox 1179 1419 1407 1490; x_wconf 87' lang='lat' dir='ltr'><strong>distributione</strong></span> 
     </span>
     <span class='ocr_line' id='line_1_12' title="bbox 249 1521 1405 1607; baseline 0.001 -18"><span class='ocrx_word' id='word_1_92' title='bbox 249 1523 460 1607; x_wconf 89' lang='lat' dir='ltr'><strong>posteriorem</strong></span> <span class='ocrx_word' id='word_1_93' title='bbox 481 1524 600 1589; x_wconf 87' lang='lat' dir='ltr'><strong>factam</strong></span> <span class='ocrx_word' id='word_1_94' title='bbox 621 1541 733 1590; x_wconf 91' lang='lat' dir='ltr'><strong>uersus</strong></span> <span class='ocrx_word' id='word_1_95' title='bbox 750 1524 789 1585; x_wconf 83' lang='lat'><strong>59</strong></span> <span class='ocrx_word' id='word_1_96' title='bbox 806 1527 837 1588; x_wconf 91' lang='lat' dir='ltr'><strong>et</strong></span> <span class='ocrx_word' id='word_1_97' title='bbox 852 1524 892 1584; x_wconf 81' lang='lat'><strong>72</strong></span> <span class='ocrx_word' id='word_1_98' title='bbox 906 1525 940 1603; x_wconf 86' lang='lat'><strong>⁵).</strong></span> <span class='ocrx_word' id='word_1_99' title='bbox 976 1522 1026 1586; x_wconf 81' lang='lat' dir='ltr'><strong>lix</strong></span> <span class='ocrx_word' id='word_1_100' title='bbox 1049 1521 1164 1604; x_wconf 90' lang='lat' dir='ltr'><strong>quibus</strong></span> <span class='ocrx_word' id='word_1_101' title='bbox 1187 1521 1228 1586; x_wconf 93' lang='lat' dir='ltr'><strong>de</strong></span> <span class='ocrx_word' id='word_1_102' title='bbox 1243 1522 1405 1606; x_wconf 90' lang='lat' dir='ltr'><strong>prioribus</strong></span> 
     </span>
     <span class='ocr_line' id='line_1_13' title="bbox 250 1620 1405 1707; baseline 0 -17"><span class='ocrx_word' id='word_1_103' title='bbox 250 1623 315 1690; x_wconf 91' lang='lat' dir='ltr'><strong>illis</strong></span> <span class='ocrx_word' id='word_1_104' title='bbox 336 1630 403 1690; x_wconf 91' lang='lat' dir='ltr'><strong>tum</strong></span> <span class='ocrx_word' id='word_1_105' title='bbox 426 1624 555 1692; x_wconf 91' lang='lat' dir='ltr'><strong>demum</strong></span> <span class='ocrx_word' id='word_1_106' title='bbox 576 1622 720 1690; x_wconf 90' lang='lat' dir='ltr'><strong>iudicare</strong></span> <span class='ocrx_word' id='word_1_107' title='bbox 741 1620 862 1707; x_wconf 82' lang='lat' dir='ltr'><strong>licebit,</strong></span> <span class='ocrx_word' id='word_1_108' title='bbox 884 1642 956 1688; x_wconf 92' lang='lat' dir='ltr'><strong>cum</strong></span> <span class='ocrx_word' id='word_1_109' title='bbox 971 1628 1097 1688; x_wconf 89' lang='lat' dir='ltr'><strong>mutuas</strong></span> <span class='ocrx_word' id='word_1_110' title='bbox 1113 1623 1341 1689; x_wconf 81' lang='lat' dir='ltr'><strong>sententiarum</strong></span> <span class='ocrx_word' id='word_1_111' title='bbox 1352 1644 1405 1690; x_wconf 88' lang='lat' dir='ltr'><strong>ra·</strong></span> 
     </span>
     <span class='ocr_line' id='line_1_14' title="bbox 250 1721 1406 1811; baseline 0 -19"><span class='ocrx_word' id='word_1_112' title='bbox 250 1726 353 1792; x_wconf 89' lang='lat' dir='ltr'><strong>tiones</strong></span> <span class='ocrx_word' id='word_1_113' title='bbox 368 1725 683 1811; x_wconf 83' lang='lat' dir='ltr'><strong>perpensauerimus:</strong></span> <span class='ocrx_word' id='word_1_114' title='bbox 704 1722 790 1788; x_wconf 89' lang='lat' dir='ltr'><strong>tertii</strong></span> <span class='ocrx_word' id='word_1_115' title='bbox 811 1721 854 1804; x_wconf 89' lang='lat' dir='ltr'><strong>(u.</strong></span> <span class='ocrx_word' id='word_1_116' title='bbox 870 1722 925 1807; x_wconf 82' lang='lat'><strong>72)</strong></span> <span class='ocrx_word' id='word_1_117' title='bbox 947 1727 1084 1806; x_wconf 80' lang='lat' dir='ltr'><strong>cognata</strong></span> <span class='ocrx_word' id='word_1_118' title='bbox 1101 1743 1173 1789; x_wconf 91' lang='lat' dir='ltr'><strong>cum</strong></span> <span class='ocrx_word' id='word_1_119' title='bbox 1195 1743 1225 1790; x_wconf 90' lang='lat' dir='ltr'><strong>u.</strong></span> <span class='ocrx_word' id='word_1_120' title='bbox 1242 1729 1282 1788; x_wconf 83' lang='lat'><strong>52</strong></span> <span class='ocrx_word' id='word_1_121' title='bbox 1298 1744 1337 1791; x_wconf 89' lang='lat' dir='ltr'><strong>ca</strong></span> <span class='ocrx_word' id='word_1_122' title='bbox 1353 1733 1406 1793; x_wconf 89' lang='lat' dir='ltr'><strong>est</strong></span> 
     </span>
     <span class='ocr_line' id='line_1_15' title="bbox 250 1822 1405 1910; baseline 0 -18"><span class='ocrx_word' id='word_1_123' title='bbox 250 1826 384 1910; x_wconf 83' lang='lat' dir='ltr'><strong>indoles,</strong></span> <span class='ocrx_word' id='word_1_124' title='bbox 412 1835 447 1893; x_wconf 93' lang='lat' dir='ltr'><strong>ut</strong></span> <span class='ocrx_word' id='word_1_125' title='bbox 476 1847 592 1893; x_wconf 90' lang='lat' dir='ltr'><strong>manca</strong></span> <span class='ocrx_word' id='word_1_126' title='bbox 620 1828 778 1908; x_wconf 83' lang='lat' dir='ltr'><strong>appareat</strong></span> <span class='ocrx_word' id='word_1_127' title='bbox 806 1822 877 1907; x_wconf 91' lang='lat' dir='ltr'><strong>ipsa</strong></span> <span class='ocrx_word' id='word_1_128' title='bbox 906 1824 1059 1890; x_wconf 88' lang='lat' dir='ltr'><strong>orationis</strong></span> <span class='ocrx_word' id='word_1_129' title='bbox 1088 1825 1221 1908; x_wconf 87' lang='lat' dir='ltr'><strong>species.</strong></span> <span class='ocrx_word' id='word_1_130' title='bbox 1265 1825 1405 1910; x_wconf 84' lang='lat' dir='ltr'><strong>Etenim,</strong></span> 
     </span>
     <span class='ocr_line' id='line_1_16' title="bbox 250 1922 1404 2011; baseline 0.003 -19"><span class='ocrx_word' id='word_1_131' title='bbox 250 1946 444 2010; x_wconf 89' lang='lat' dir='ltr'><strong>quamquam</strong></span> <span class='ocrx_word' id='word_1_132' title='bbox 473 1927 561 1993; x_wconf 89' lang='lat' dir='ltr'><strong>illius</strong></span> <span class='ocrx_word' id='word_1_133' title='bbox 589 1922 716 2007; x_wconf 83' lang='lat' dir='ltr'><strong>generis</strong></span> <span class='ocrx_word' id='word_1_134' title='bbox 746 1923 979 1991; x_wconf 87' lang='lat' dir='ltr'><strong>enuntiationes</strong></span> <span class='ocrx_word' id='word_1_135' title='bbox 1009 1925 1228 1993; x_wconf 90' lang='lat' dir='ltr'><strong>coniunctione</strong></span> <span class='ocrx_word' id='word_1_136' title='bbox 1256 1936 1291 1988; x_wconf 79' lang='lat' dir='ltr'><strong>ut</strong></span> <span class='ocrx_word' id='word_1_137' title='bbox 1311 1947 1404 2011; x_wconf 89' lang='lat' dir='ltr'><strong>prae·</strong></span> 
     </span>
     <span class='ocr_line' id='line_1_17' title="bbox 252 2024 1405 2113; baseline 0.002 -19"><span class='ocrx_word' id='word_1_138' title='bbox 252 2027 351 2094; x_wconf 89' lang='lat' dir='ltr'><strong>missa</strong></span> <span class='ocrx_word' id='word_1_139' title='bbox 373 2029 520 2094; x_wconf 89' lang='lat' dir='ltr'><strong>absolute</strong></span> <span class='ocrx_word' id='word_1_140' title='bbox 542 2025 667 2113; x_wconf 88' lang='lat' dir='ltr'><strong>positae</strong></span> <span class='ocrx_word' id='word_1_141' title='bbox 690 2046 761 2092; x_wconf 90' lang='lat' dir='ltr'><strong>cum</strong></span> <span class='ocrx_word' id='word_1_142' title='bbox 781 2026 817 2091; x_wconf 93' lang='lat' dir='ltr'><strong>in</strong></span> <span class='ocrx_word' id='word_1_143' title='bbox 839 2024 971 2110; x_wconf 89' lang='lat' dir='ltr'><strong>optandi</strong></span> <span class='ocrx_word' id='word_1_144' title='bbox 992 2031 1059 2092; x_wconf 90' lang='lat' dir='ltr'><strong>tum</strong></span> <span class='ocrx_word' id='word_1_145' title='bbox 1082 2026 1114 2091; x_wconf 94' lang='lat' dir='ltr'><strong>in</strong></span> <span class='ocrx_word' id='word_1_146' title='bbox 1137 2026 1325 2094; x_wconf 84' lang='lat' dir='ltr'><strong>exsecrandi</strong></span> <span class='ocrx_word' id='word_1_147' title='bbox 1340 2029 1405 2096; x_wconf 87' lang='lat' dir='ltr'><strong>for-</strong></span> 
     </span>
     <span class='ocr_line' id='line_1_18' title="bbox 249 2121 1406 2215; baseline 0.003 -20"><span class='ocrx_word' id='word_1_148' title='bbox 249 2128 346 2196; x_wconf 91' lang='lat' dir='ltr'><strong>mulis</strong></span> <span class='ocrx_word' id='word_1_149' title='bbox 368 2129 488 2215; x_wconf 89' lang='lat' dir='ltr'><strong>passim</strong></span> <span class='ocrx_word' id='word_1_150' title='bbox 510 2129 727 2197; x_wconf 88' lang='lat' dir='ltr'><strong>inueniuntur:</strong></span> <span class='ocrx_word' id='word_1_151' title='bbox 751 2126 900 2196; x_wconf 88' lang='lat' dir='ltr'><strong>desidero</strong></span> <span class='ocrx_word' id='word_1_152' title='bbox 922 2134 1030 2196; x_wconf 89' lang='lat' dir='ltr'><strong>tamen</strong></span> <span class='ocrx_word' id='word_1_153' title='bbox 1045 2121 1228 2213; x_wconf 86' lang='lat' dir='ltr'><strong>exemplum</strong></span> <span class='ocrx_word' id='word_1_154' title='bbox 1242 2129 1406 2199; x_wconf 86' lang='lat' dir='ltr'><strong>secundae</strong></span> 
     </span>
     <span class='ocr_line' id='line_1_19' title="bbox 248 2229 1407 2316; baseline 0.003 -19"><span class='ocrx_word' id='word_1_155' title='bbox 248 2250 407 2315; x_wconf 89' lang='lat' dir='ltr'><strong>personae</strong></span> <span class='ocrx_word' id='word_1_156' title='bbox 435 2231 481 2298; x_wconf 88' lang='lat' dir='ltr'><strong>ita</strong></span> <span class='ocrx_word' id='word_1_157' title='bbox 510 2237 691 2316; x_wconf 88' lang='lat' dir='ltr'><strong>usurpatae.</strong></span> <span class='ocrx_word' id='word_1_158' title='bbox 736 2229 815 2296; x_wconf 80' lang='lat' dir='ltr'><strong>Cum</strong></span> <span class='ocrx_word' id='word_1_159' title='bbox 837 2230 871 2295; x_wconf 89' lang='lat' dir='ltr'><strong>in</strong></span> <span class='ocrx_word' id='word_1_160' title='bbox 893 2229 953 2295; x_wconf 86' lang='lat' dir='ltr'><strong>hac</strong></span> <span class='ocrx_word' id='word_1_161' title='bbox 974 2229 1072 2312; x_wconf 81' lang='lat' dir='ltr'><strong>igitur</strong></span> <span class='ocrx_word' id='word_1_162' title='bbox 1098 2248 1133 2294; x_wconf 89' lang='lat' dir='ltr'><strong>re</strong></span> <span class='ocrx_word' id='word_1_163' title='bbox 1155 2229 1197 2296; x_wconf 87' lang='lat' dir='ltr'><strong>ab</strong></span> <span class='ocrx_word' id='word_1_164' title='bbox 1219 2231 1407 2300; x_wconf 90' lang='lat' dir='ltr'><strong>Hermanno</strong></span> 
     </span>
     <span class='ocr_line' id='line_1_20' title="bbox 250 2329 1405 2415; baseline 0.003 -17"><span class='ocrx_word' id='word_1_165' title='bbox 250 2332 449 2415; x_wconf 90' lang='lat' dir='ltr'><strong>dissentiam,</strong></span> <span class='ocrx_word' id='word_1_166' title='bbox 472 2352 512 2399; x_wconf 93' lang='lat' dir='ltr'><strong>ne</strong></span> <span class='ocrx_word' id='word_1_167' title='bbox 527 2331 702 2399; x_wconf 87' lang='lat' dir='ltr'><strong>Ritschelio</strong></span> <span class='ocrx_word' id='word_1_168' title='bbox 713 2329 738 2414; x_wconf 79' lang='lat'><strong>⁰)</strong></span> <span class='ocrx_word' id='word_1_169' title='bbox 761 2330 891 2414; x_wconf 91' lang='lat' dir='ltr'><strong>quidem</strong></span> <span class='ocrx_word' id='word_1_170' title='bbox 912 2330 1125 2414; x_wconf 89' lang='lat' dir='ltr'><strong>adstipulatus</strong></span> <span class='ocrx_word' id='word_1_171' title='bbox 1140 2331 1293 2399; x_wconf 87' lang='lat' dir='ltr'><strong>intactum</strong></span> <span class='ocrx_word' id='word_1_172' title='bbox 1308 2335 1405 2402; x_wconf 90' lang='lat' dir='ltr'><strong>relin-</strong></span> 
     </span>
     <span class='ocr_line' id='line_1_21' title="bbox 250 2431 1406 2518; baseline 0.005 -20"><span class='ocrx_word' id='word_1_173' title='bbox 250 2432 410 2514; x_wconf 90' lang='lat' dir='ltr'><strong>quendum</strong></span> <span class='ocrx_word' id='word_1_174' title='bbox 426 2431 507 2500; x_wconf 90' lang='lat' dir='ltr'><strong>duco</strong></span> <span class='ocrx_word' id='word_1_175' title='bbox 523 2451 637 2498; x_wconf 89' lang='lat' dir='ltr'><strong>sanum</strong></span> <span class='ocrx_word' id='word_1_176' title='bbox 658 2431 751 2496; x_wconf 90' lang='lat' dir='ltr'><strong>huius</strong></span> <span class='ocrx_word' id='word_1_177' title='bbox 774 2451 885 2498; x_wconf 91' lang='lat' dir='ltr'><strong>uersus</strong></span> <span class='ocrx_word' id='word_1_178' title='bbox 910 2431 999 2516; x_wconf 91' lang='lat' dir='ltr'><strong>prius</strong></span> <span class='ocrx_word' id='word_1_179' title='bbox 1022 2432 1270 2500; x_wconf 78' lang='lat' dir='ltr'><strong>hemistichium:</strong></span> <span class='ocrx_word' id='word_1_180' title='bbox 1291 2435 1406 2518; x_wconf 90' lang='lat' dir='ltr'><strong>itaque</strong></span> 
     </span>
     <span class='ocr_line' id='line_1_22' title="bbox 249 2530 787 2614; baseline 0 -16"><span class='ocrx_word' id='word_1_181' title='bbox 249 2534 315 2600; x_wconf 90' lang='lat' dir='ltr'><strong>tale</strong></span> <span class='ocrx_word' id='word_1_182' title='bbox 338 2532 415 2614; x_wconf 90' lang='lat' dir='ltr'><strong>quid</strong></span> <span class='ocrx_word' id='word_1_183' title='bbox 437 2530 635 2599; x_wconf 86' lang='lat' dir='ltr'><strong>intercidisse</strong></span> <span class='ocrx_word' id='word_1_184' title='bbox 650 2531 787 2598; x_wconf 85' lang='lat' dir='ltr'><strong>conicio:</strong></span> 
     </span>
    </p>
   </div>
   <div class='ocr_carea' id='block_1_5' title="bbox 250 2663 1406 2872">
    <p class='ocr_par' dir='ltr' id='par_1_6' title="bbox 250 2663 1406 2872">
     <span class='ocr_line' id='line_1_23' title="bbox 276 2663 1402 2736; baseline 0.005 -18"><span class='ocrx_word' id='word_1_185' title='bbox 276 2667 368 2736; x_wconf 89' lang='lat' dir='ltr'><strong>Atque</strong></span> <span class='ocrx_word' id='word_1_186' title='bbox 384 2668 415 2720; x_wconf 77' lang='lat' dir='ltr'><strong>rit</strong></span> <span class='ocrx_word' id='word_1_187' title='bbox 431 2663 471 2720; x_wconf 84' lang='lat' dir='ltr'><strong>eis</strong></span> <span class='ocrx_word' id='word_1_188' title='bbox 489 2663 588 2719; x_wconf 88' lang='lat' dir='ltr'><strong>delicta</strong></span> <span class='ocrx_word' id='word_1_189' title='bbox 605 2663 730 2732; x_wconf 82' lang='lat' dir='ltr'><strong>ignoscas</strong></span> <span class='ocrx_word' id='word_1_190' title='bbox 748 2665 845 2735; x_wconf 88' lang='lat' dir='ltr'><strong>(potin’</strong></span> <span class='ocrx_word' id='word_1_191' title='bbox 863 2663 981 2722; x_wconf 80' lang='lat' dir='ltr'><strong>animum</strong></span> <span class='ocrx_word' id='word_1_192' title='bbox 999 2667 1158 2736; x_wconf 69' lang='lat' dir='ltr'><strong>induceret&gt;</strong></span> <span class='ocrx_word' id='word_1_193' title='bbox 1176 2667 1276 2722; x_wconf 84' lang='lat' dir='ltr'><strong>PHIL:</strong></span> <span class='ocrx_word' id='word_1_194' title='bbox 1295 2667 1402 2724; x_wconf 74' lang='lat' dir='ltr'><strong>Faciet.</strong></span> 
     </span>
     <span class='ocr_line' id='line_1_24' title="bbox 250 2783 1406 2872; baseline 0.005 -20"><span class='ocrx_word' id='word_1_195' title='bbox 250 2786 399 2854; x_wconf 87' lang='lat' dir='ltr'><strong>Ceterum</strong></span> <span class='ocrx_word' id='word_1_196' title='bbox 420 2787 454 2854; x_wconf 91' lang='lat' dir='ltr'><strong>in</strong></span> <span class='ocrx_word' id='word_1_197' title='bbox 468 2786 519 2853; x_wconf 92' lang='lat' dir='ltr'><strong>his</strong></span> <span class='ocrx_word' id='word_1_198' title='bbox 534 2783 681 2854; x_wconf 89' lang='lat' dir='ltr'><strong>omnibus</strong></span> <span class='ocrx_word' id='word_1_199' title='bbox 704 2804 787 2869; x_wconf 90' lang='lat' dir='ltr'><strong>quae</strong></span> <span class='ocrx_word' id='word_1_200' title='bbox 809 2786 989 2855; x_wconf 89' lang='lat' dir='ltr'><strong>addiderim</strong></span> <span class='ocrx_word' id='word_1_201' title='bbox 1012 2787 1152 2872; x_wconf 86' lang='lat' dir='ltr'><strong>exempli</strong></span> <span class='ocrx_word' id='word_1_202' title='bbox 1166 2795 1289 2856; x_wconf 91' lang='lat' dir='ltr'><strong>tantum</strong></span> <span class='ocrx_word' id='word_1_203' title='bbox 1305 2810 1406 2858; x_wconf 89' lang='lat' dir='ltr'><strong>causa</strong></span> 
     </span>
    </p>
   </div>
   <div class='ocr_carea' id='block_1_6' title="bbox 248 2968 1406 4132">
    <p class='ocr_par' dir='ltr' id='par_1_7' title="bbox 248 2968 1406 3626">
     <span class='ocr_line' id='line_1_25' title="bbox 338 2968 1405 3037; baseline 0.003 -12"><span class='ocrx_word' id='word_1_204' title='bbox 338 2973 361 3036; x_wconf 88' lang='lat'><strong>1)</strong></span> <span class='ocrx_word' id='word_1_205' title='bbox 379 2969 501 3026; x_wconf 85' lang='lat' dir='ltr'><strong>Eandem</strong></span> <span class='ocrx_word' id='word_1_206' title='bbox 524 2968 557 3024; x_wconf 91' lang='lat' dir='ltr'><strong>de</strong></span> <span class='ocrx_word' id='word_1_207' title='bbox 583 2968 775 3037; x_wconf 81' lang='lat' dir='ltr'><strong>coniungendis</strong></span> <span class='ocrx_word' id='word_1_208' title='bbox 797 2970 972 3026; x_wconf 87' lang='lat' dir='ltr'><strong>hemistichiis</strong></span> <span class='ocrx_word' id='word_1_209' title='bbox 994 2968 1046 3024; x_wconf 77' lang='lat'><strong>78¹&gt;</strong></span> <span class='ocrx_word' id='word_1_210' title='bbox 1064 2976 1091 3024; x_wconf 87' lang='lat' dir='ltr'><strong>et</strong></span> <span class='ocrx_word' id='word_1_211' title='bbox 1110 2975 1157 3025; x_wconf 74' lang='lat'><strong>&#39;19⁵</strong></span> <span class='ocrx_word' id='word_1_212' title='bbox 1183 2972 1315 3028; x_wconf 84' lang='lat' dir='ltr'><strong>rationem</strong></span> <span class='ocrx_word' id='word_1_213' title='bbox 1333 2973 1405 3028; x_wconf 87' lang='lat' dir='ltr'><strong>Her-</strong></span> 
     </span>
     <span class='ocr_line' id='line_1_26' title="bbox 249 3052 1405 3124; baseline 0.005 -16"><span class='ocrx_word' id='word_1_214' title='bbox 249 3069 363 3109; x_wconf 90' lang='lat' dir='ltr'><strong>mannus</strong></span> <span class='ocrx_word' id='word_1_215' title='bbox 376 3055 443 3121; x_wconf 81' lang='lat' dir='ltr'><strong>iniit,</strong></span> <span class='ocrx_word' id='word_1_216' title='bbox 461 3054 540 3121; x_wconf 81' lang='lat' dir='ltr'><strong>longe</strong></span> <span class='ocrx_word' id='word_1_217' title='bbox 553 3052 689 3108; x_wconf 86' lang='lat' dir='ltr'><strong>diuersam</strong></span> <span class='ocrx_word' id='word_1_218' title='bbox 702 3053 735 3108; x_wconf 89' lang='lat' dir='ltr'><strong>de</strong></span> <span class='ocrx_word' id='word_1_219' title='bbox 747 3054 961 3122; x_wconf 83' lang='lat' dir='ltr'><strong>redintegrandis</strong></span> <span class='ocrx_word' id='word_1_220' title='bbox 973 3055 1005 3109; x_wconf 89' lang='lat' dir='ltr'><strong>iis</strong></span> <span class='ocrx_word' id='word_1_221' title='bbox 1021 3069 1089 3123; x_wconf 87' lang='lat' dir='ltr'><strong>quae</strong></span> <span class='ocrx_word' id='word_1_222' title='bbox 1101 3056 1268 3124; x_wconf 86' lang='lat' dir='ltr'><strong>praecedunt</strong></span> <span class='ocrx_word' id='word_1_223' title='bbox 1280 3063 1316 3124; x_wconf 85' lang='lat' dir='ltr'><strong>(u.</strong></span> <span class='ocrx_word' id='word_1_224' title='bbox 1329 3059 1405 3114; x_wconf 86' lang='lat' dir='ltr'><strong>infra</strong></span> 
     </span>
     <span class='ocr_line' id='line_1_27' title="bbox 249 3134 1406 3206; baseline 0.005 -14"><span class='ocrx_word' id='word_1_225' title='bbox 249 3137 342 3192; x_wconf 90' lang='lat' dir='ltr'><strong>adnot.</strong></span> <span class='ocrx_word' id='word_1_226' title='bbox 356 3137 441 3199; x_wconf 64' lang='lat' dir='ltr'><strong>criti:</strong></span> <span class='ocrx_word' id='word_1_227' title='bbox 460 3152 513 3204; x_wconf 85' lang='lat' dir='ltr'><strong>quo</strong></span> <span class='ocrx_word' id='word_1_228' title='bbox 526 3134 633 3204; x_wconf 89' lang='lat' dir='ltr'><strong>quidem</strong></span> <span class='ocrx_word' id='word_1_229' title='bbox 651 3137 679 3189; x_wconf 92' lang='lat' dir='ltr'><strong>in</strong></span> <span class='ocrx_word' id='word_1_230' title='bbox 697 3138 803 3204; x_wconf 80' lang='lat' dir='ltr'><strong>negotio</strong></span> <span class='ocrx_word' id='word_1_231' title='bbox 821 3153 917 3206; x_wconf 87' lang='lat' dir='ltr'><strong>parum</strong></span> <span class='ocrx_word' id='word_1_232' title='bbox 933 3137 1049 3194; x_wconf 85' lang='lat' dir='ltr'><strong>feliciter</strong></span> <span class='ocrx_word' id='word_1_233' title='bbox 1066 3139 1104 3193; x_wconf 93' lang='lat' dir='ltr'><strong>illi</strong></span> <span class='ocrx_word' id='word_1_234' title='bbox 1122 3155 1178 3194; x_wconf 88' lang='lat' dir='ltr'><strong>rem</strong></span> <span class='ocrx_word' id='word_1_235' title='bbox 1197 3142 1312 3197; x_wconf 87' lang='lat' dir='ltr'><strong>cessisse</strong></span> <span class='ocrx_word' id='word_1_236' title='bbox 1328 3143 1406 3199; x_wconf 90' lang='lat' dir='ltr'><strong>haud</strong></span> 
     </span>
     <span class='ocr_line' id='line_1_28' title="bbox 249 3218 1404 3296; baseline 0.005 -20"><span class='ocrx_word' id='word_1_237' title='bbox 249 3219 381 3277; x_wconf 87' lang='lat' dir='ltr'><strong>immerito</strong></span> <span class='ocrx_word' id='word_1_238' title='bbox 399 3219 564 3275; x_wconf 88' lang='lat' dir='ltr'><strong>Ritschelius</strong></span> <span class='ocrx_word' id='word_1_239' title='bbox 582 3218 692 3274; x_wconf 84' lang='lat' dir='ltr'><strong>iudicat.</strong></span> <span class='ocrx_word' id='word_1_240' title='bbox 728 3220 896 3290; x_wconf 75' lang='lat' dir='ltr'><strong>Quamquam</strong></span> <span class='ocrx_word' id='word_1_241' title='bbox 913 3239 967 3278; x_wconf 92' lang='lat' dir='ltr'><strong>non</strong></span> <span class='ocrx_word' id='word_1_242' title='bbox 984 3224 1070 3296; x_wconf 88' lang='lat' dir='ltr'><strong>multo</strong></span> <span class='ocrx_word' id='word_1_243' title='bbox 1093 3223 1212 3290; x_wconf 85' lang='lat' dir='ltr'><strong>felicius,</strong></span> <span class='ocrx_word' id='word_1_244' title='bbox 1236 3225 1289 3281; x_wconf 87' lang='lat' dir='ltr'><strong>nisi</strong></span> <span class='ocrx_word' id='word_1_245' title='bbox 1311 3226 1404 3293; x_wconf 84' lang='lat' dir='ltr'><strong>fallor,</strong></span> 
     </span>
     <span class='ocr_line' id='line_1_29' title="bbox 249 3303 1404 3378; baseline 0.003 -16"><span class='ocrx_word' id='word_1_246' title='bbox 249 3306 303 3377; x_wconf 88' lang='lat' dir='ltr'><strong>ipsi</strong></span> <span class='ocrx_word' id='word_1_247' title='bbox 314 3303 476 3362; x_wconf 79' lang='lat' dir='ltr'><strong>Bitschelio:</strong></span> <span class='ocrx_word' id='word_1_248' title='bbox 495 3304 609 3374; x_wconf 91' lang='lat' dir='ltr'><strong>quinon</strong></span> <span class='ocrx_word' id='word_1_249' title='bbox 621 3303 739 3373; x_wconf 89' lang='lat' dir='ltr'><strong>dispesto</strong></span> <span class='ocrx_word' id='word_1_250' title='bbox 752 3322 778 3361; x_wconf 90' lang='lat' dir='ltr'><strong>u.</strong></span> <span class='ocrx_word' id='word_1_251' title='bbox 791 3309 833 3372; x_wconf 80' lang='lat'><strong>78,</strong></span> <span class='ocrx_word' id='word_1_252' title='bbox 851 3312 882 3360; x_wconf 94' lang='lat' dir='ltr'><strong>ut</strong></span> <span class='ocrx_word' id='word_1_253' title='bbox 899 3305 1013 3362; x_wconf 78' lang='lat' dir='ltr'><strong>lacunae</strong></span> <span class='ocrx_word' id='word_1_254' title='bbox 1030 3308 1260 3378; x_wconf 87' lang='lat' dir='ltr'><strong>importunitatem</strong></span> <span class='ocrx_word' id='word_1_255' title='bbox 1278 3312 1404 3378; x_wconf 83' lang='lat' dir='ltr'><strong>eniteret,</strong></span> 
     </span>
     <span class='ocr_line' id='line_1_30' title="bbox 249 3388 1405 3463; baseline 0.006 -19"><span class='ocrx_word' id='word_1_256' title='bbox 249 3389 362 3445; x_wconf 86' lang='lat' dir='ltr'><strong>sustulit</strong></span> <span class='ocrx_word' id='word_1_257' title='bbox 379 3393 407 3445; x_wconf 87' lang='lat' dir='ltr'><strong>et</strong></span> <span class='ocrx_word' id='word_1_258' title='bbox 424 3388 561 3458; x_wconf 84' lang='lat' dir='ltr'><strong>sequentis</strong></span> <span class='ocrx_word' id='word_1_259' title='bbox 578 3405 673 3445; x_wconf 87' lang='lat' dir='ltr'><strong>uersus</strong></span> <span class='ocrx_word' id='word_1_260' title='bbox 692 3393 775 3460; x_wconf 87' lang='lat' dir='ltr'><strong>caput</strong></span> <span class='ocrx_word' id='word_1_261' title='bbox 792 3393 819 3446; x_wconf 87' lang='lat' dir='ltr'><strong>et</strong></span> <span class='ocrx_word' id='word_1_262' title='bbox 836 3395 923 3446; x_wconf 87' lang='lat' dir='ltr'><strong>totum</strong></span> <span class='ocrx_word' id='word_1_263' title='bbox 941 3391 1107 3460; x_wconf 87' lang='lat' dir='ltr'><strong>superiorem</strong></span> <span class='ocrx_word' id='word_1_264' title='bbox 1124 3395 1280 3463; x_wconf 90' lang='lat' dir='ltr'><strong>reponenda</strong></span> <span class='ocrx_word' id='word_1_265' title='bbox 1297 3395 1355 3452; x_wconf 87' lang='lat' dir='ltr'><strong>scil.</strong></span> <span class='ocrx_word' id='word_1_266' title='bbox 1374 3397 1405 3451; x_wconf 90' lang='lat' dir='ltr'><strong>in</strong></span> 
     </span>
     <span class='ocr_line' id='line_1_31' title="bbox 250 3473 1404 3546; baseline 0.008 -18"><span class='ocrx_word' id='word_1_267' title='bbox 250 3478 369 3529; x_wconf 78' lang='lat' dir='ltr'><strong>exbema</strong></span> <span class='ocrx_word' id='word_1_268' title='bbox 379 3473 427 3528; x_wconf 83' lang='lat' dir='ltr'><strong>illa</strong></span> <span class='ocrx_word' id='word_1_269' title='bbox 437 3474 582 3542; x_wconf 85' lang='lat' dir='ltr'><strong>particula,</strong></span> <span class='ocrx_word' id='word_1_270' title='bbox 600 3474 629 3528; x_wconf 88' lang='lat' dir='ltr'><strong>in</strong></span> <span class='ocrx_word' id='word_1_271' title='bbox 641 3489 722 3541; x_wconf 87' lang='lat' dir='ltr'><strong>quam</strong></span> <span class='ocrx_word' id='word_1_272' title='bbox 733 3476 844 3544; x_wconf 85' lang='lat' dir='ltr'><strong>paululo</strong></span> <span class='ocrx_word' id='word_1_273' title='bbox 856 3479 920 3531; x_wconf 89' lang='lat' dir='ltr'><strong>ante</strong></span> <span class='ocrx_word' id='word_1_274' title='bbox 931 3475 1127 3546; x_wconf 89' lang='lat' dir='ltr'><strong>inquisiuimus.</strong></span> <span class='ocrx_word' id='word_1_275' title='bbox 1153 3479 1324 3536; x_wconf 86' lang='lat' dir='ltr'><strong>Audaculam</strong></span> <span class='ocrx_word' id='word_1_276' title='bbox 1336 3497 1404 3537; x_wconf 91' lang='lat' dir='ltr'><strong>cou-</strong></span> 
     </span>
     <span class='ocr_line' id='line_1_32' title="bbox 248 3557 729 3626; baseline -0.002 -12"><span class='ocrx_word' id='word_1_277' title='bbox 248 3559 381 3615; x_wconf 88' lang='lat' dir='ltr'><strong>ieeturem</strong></span> <span class='ocrx_word' id='word_1_278' title='bbox 398 3557 526 3626; x_wconf 86' lang='lat' dir='ltr'><strong>probauit</strong></span> <span class='ocrx_word' id='word_1_279' title='bbox 543 3558 729 3615; x_wconf 80' lang='lat' dir='ltr'><strong>Fleckeiseno.</strong></span> 
     </span>
    </p>

    <p class='ocr_par' dir='ltr' id='par_1_8' title="bbox 336 3641 1008 3713">
     <span class='ocr_line' id='line_1_33' title="bbox 336 3641 1008 3713; baseline 0.001 -15"><span class='ocrx_word' id='word_1_280' title='bbox 336 3646 362 3711; x_wconf 83' lang='lat'><strong>2)</strong></span> <span class='ocrx_word' id='word_1_281' title='bbox 379 3641 529 3697; x_wconf 84' lang='lat' dir='ltr'><strong>Probatum</strong></span> <span class='ocrx_word' id='word_1_282' title='bbox 547 3648 588 3698; x_wconf 89' lang='lat' dir='ltr'><strong>est</strong></span> <span class='ocrx_word' id='word_1_283' title='bbox 605 3643 752 3700; x_wconf 88' lang='lat' dir='ltr'><strong>Ritschelio</strong></span> <span class='ocrx_word' id='word_1_284' title='bbox 770 3644 1008 3713; x_wconf 84' lang='lat' dir='ltr'><strong>Fleckeisenoque.</strong></span> 
     </span>
    </p>

    <p class='ocr_par' dir='ltr' id='par_1_9' title="bbox 249 3726 1404 3888">
     <span class='ocr_line' id='line_1_34' title="bbox 336 3726 1404 3803; baseline 0.006 -19"><span class='ocrx_word' id='word_1_285' title='bbox 336 3733 362 3796; x_wconf 83' lang='grc'><strong>3)</strong></span> <span class='ocrx_word' id='word_1_286' title='bbox 380 3727 530 3784; x_wconf 82' lang='lat' dir='ltr'><strong>Seruarunt</strong></span> <span class='ocrx_word' id='word_1_287' title='bbox 544 3726 617 3782; x_wconf 90' lang='lat' dir='ltr'><strong>hunc</strong></span> <span class='ocrx_word' id='word_1_288' title='bbox 629 3727 710 3783; x_wconf 89' lang='lat' dir='ltr'><strong>etiam</strong></span> <span class='ocrx_word' id='word_1_289' title='bbox 722 3729 922 3785; x_wconf 86' lang='lat' dir='ltr'><strong>Studemundus</strong></span> <span class='ocrx_word' id='word_1_290' title='bbox 934 3727 1154 3801; x_wconf 82' lang='lat' dir='ltr'><strong>Spengeliusque,</strong></span> <span class='ocrx_word' id='word_1_291' title='bbox 1172 3731 1278 3803; x_wconf 89' lang='lat' dir='ltr'><strong>opinati</strong></span> <span class='ocrx_word' id='word_1_292' title='bbox 1294 3734 1404 3802; x_wconf 85' lang='lat' dir='ltr'><strong>quidem</strong></span> 
     </span>
     <span class='ocr_line' id='line_1_35' title="bbox 249 3813 686 3888; baseline -0.005 -20"><span class='ocrx_word' id='word_1_293' title='bbox 249 3813 390 3882; x_wconf 86' lang='lat' dir='ltr'><strong>sequentia</strong></span> <span class='ocrx_word' id='word_1_294' title='bbox 409 3825 517 3882; x_wconf 84' lang='lat' dir='ltr'><strong>quoquc</strong></span> <span class='ocrx_word' id='word_1_295' title='bbox 534 3825 601 3888; x_wconf 82' lang='lat' dir='ltr'><strong>sana</strong></span> <span class='ocrx_word' id='word_1_296' title='bbox 620 3825 686 3866; x_wconf 88' lang='lat' dir='ltr'><strong>esse.</strong></span> 
     </span>
    </p>

    <p class='ocr_par' dir='ltr' id='par_1_10' title="bbox 336 3896 1170 3969">
     <span class='ocr_line' id='line_1_36' title="bbox 336 3896 1170 3969; baseline 0.002 -17"><span class='ocrx_word' id='word_1_297' title='bbox 336 3901 361 3965; x_wconf 86' lang='grc'><strong>4)</strong></span> <span class='ocrx_word' id='word_1_298' title='bbox 380 3897 439 3966; x_wconf 76' lang='lat' dir='ltr'><strong>Qua</strong></span> <span class='ocrx_word' id='word_1_299' title='bbox 455 3896 485 3951; x_wconf 90' lang='lat' dir='ltr'><strong>in</strong></span> <span class='ocrx_word' id='word_1_300' title='bbox 502 3909 531 3952; x_wconf 89' lang='lat' dir='ltr'><strong>re</strong></span> <span class='ocrx_word' id='word_1_301' title='bbox 549 3910 617 3964; x_wconf 88' lang='lat' dir='ltr'><strong>quas</strong></span> <span class='ocrx_word' id='word_1_302' title='bbox 636 3900 746 3952; x_wconf 90' lang='lat' dir='ltr'><strong>secutus</strong></span> <span class='ocrx_word' id='word_1_303' title='bbox 764 3897 814 3952; x_wconf 92' lang='lat' dir='ltr'><strong>sim</strong></span> <span class='ocrx_word' id='word_1_304' title='bbox 831 3897 950 3954; x_wconf 84' lang='lat' dir='ltr'><strong>rationes</strong></span> <span class='ocrx_word' id='word_1_305' title='bbox 968 3914 1050 3969; x_wconf 89' lang='lat' dir='ltr'><strong>supra</strong></span> <span class='ocrx_word' id='word_1_306' title='bbox 1069 3900 1170 3968; x_wconf 77' lang='lat' dir='ltr'><strong>aperui.</strong></span> 
     </span>
    </p>

    <p class='ocr_par' dir='ltr' id='par_1_11' title="bbox 336 3981 1403 4050">
     <span class='ocr_line' id='line_1_37' title="bbox 336 3981 1403 4050; baseline 0.007 -14"><span class='ocrx_word' id='word_1_307' title='bbox 336 3985 362 4047; x_wconf 79' lang='grc'><strong>5)</strong></span> <span class='ocrx_word' id='word_1_308' title='bbox 379 3981 509 4037; x_wconf 87' lang='lat' dir='ltr'><strong>Mancum</strong></span> <span class='ocrx_word' id='word_1_309' title='bbox 520 3995 579 4035; x_wconf 88' lang='lat' dir='ltr'><strong>esse</strong></span> <span class='ocrx_word' id='word_1_310' title='bbox 597 3983 741 4050; x_wconf 86' lang='lat' dir='ltr'><strong>utrumque</strong></span> <span class='ocrx_word' id='word_1_311' title='bbox 758 3981 882 4038; x_wconf 83' lang='lat' dir='ltr'><strong>etvetus</strong></span> <span class='ocrx_word' id='word_1_312' title='bbox 900 3983 1019 4040; x_wconf 87' lang='lat' dir='ltr'><strong>ostendit</strong></span> <span class='ocrx_word' id='word_1_313' title='bbox 1036 3988 1063 4038; x_wconf 90' lang='lat' dir='ltr'><strong>et</strong></span> <span class='ocrx_word' id='word_1_314' title='bbox 1082 3985 1257 4042; x_wconf 87' lang='lat' dir='ltr'><strong>consentiunt</strong></span> <span class='ocrx_word' id='word_1_315' title='bbox 1274 3985 1403 4044; x_wconf 87' lang='lat' dir='ltr'><strong>editores.</strong></span> 
     </span>
    </p>

    <p class='ocr_par' dir='ltr' id='par_1_12' title="bbox 335 4063 918 4132">
     <span class='ocr_line' id='line_1_38' title="bbox 335 4063 918 4132; baseline 0.003 -13"><span class='ocrx_word' id='word_1_316' title='bbox 335 4069 361 4130; x_wconf 85' lang='grc'><strong>6)</strong></span> <span class='ocrx_word' id='word_1_317' title='bbox 378 4063 422 4120; x_wconf 90' lang='lat' dir='ltr'><strong>De</strong></span> <span class='ocrx_word' id='word_1_318' title='bbox 439 4065 535 4121; x_wconf 90' lang='lat' dir='ltr'><strong>horum</strong></span> <span class='ocrx_word' id='word_1_319' title='bbox 553 4063 715 4132; x_wconf 85' lang='lat' dir='ltr'><strong>coniecturis</strong></span> <span class='ocrx_word' id='word_1_320' title='bbox 733 4081 760 4120; x_wconf 91' lang='lat' dir='ltr'><strong>u.</strong></span> <span class='ocrx_word' id='word_1_321' title='bbox 778 4066 840 4121; x_wconf 90' lang='lat' dir='ltr'><strong>adn.</strong></span> <span class='ocrx_word' id='word_1_322' title='bbox 858 4066 918 4121; x_wconf 86' lang='lat' dir='ltr'><strong>crit.</strong></span> 
     </span>
    </p>
   </div>
   <div class='ocr_carea' id='block_1_7' title="bbox 0 0 1550 4756">
    <p class='ocr_par' dir='ltr' id='par_1_13' title="bbox 0 0 1550 4756">
     <span class='ocr_line' id='line_1_39' title="bbox 0 0 1550 4756; baseline 0 0"><span class='ocrx_word' id='word_1_323' title='bbox 0 0 1550 4756; x_wconf 95' lang='lat' dir='ltr'><strong> </strong></span> 
     </span>
    </p>
   </div>
  </div>
 </body>
</html>
