3080 4748
264 293 304 355 82
664 264 840 346 Gnaltharius
859 290 1029 346 Brachmann

262 485 336 548 ac03
360 471 395 530 ut
411 473 534 530 taccam
550 461 776 548 Nlemeyerom
791 463 822 546 ι),
845 482 939 544 quem
954 461 1053 527 nimia
1068 461 1197 544 quidem
1215 461 1290 528 libri
1305 466 1436 534 Ambr.

264 564 477 633 admiratione
499 569 627 649 captum
649 565 833 649 longissime
862 565 903 629 ab
933 562 1044 630 horum
1073 583 1221 630 uemuum
1249 564 1437 634 intellectu

265 668 381 734 abesse
395 667 467 752 ipsa
482 665 589 752 prodit
604 686 699 749 quam
719 666 889 750 adscripsit
910 665 972 731 loci
994 665 1221 748 interpretatio.
1260 667 1436 734 Neutram

264 770 452 854 scripturam
478 770 597 838 reicere
619 767 832 849 Kiesslingius
861 767 895 848 (l.
911 788 936 834 s.
953 787 978 834 s.
993 790 1024 852 p.
1042 769 1096 850 18)
1126 786 1222 832 ansus
1251 774 1314 850 est,
1348 789 1435 835 eum

198 949 203 954 ‚
264 871 308 938 ad
324 871 483 957 duplicem
501 871 593 936 huius
610 888 746 936 scaenae
767 870 983 936 recensionem
1006 869 1088 934 hanc
1110 869 1212 952 ipsam
1235 868 1434 955 discrepan-

263 976 340 1041 tiam
356 974 515 1060 pertinere
527 977 714 1038 autumaret.
742 970 785 1035 At
800 991 868 1033 mcc
882 969 1058 1037 rectissime
1068 971 1212 1054 reposuit
1222 969 1433 1038 Fritzschius

263 1076 332 1142 lnd.
355 1077 427 1139 lect.
449 1079 527 1139 aest.
546 1072 694 1138 Rostoch.
717 1088 746 1137 a.
766 1075 846 1138 1816
868 1091 899 1155 p.
918 1078 952 1136 5:
974 1071 1063 1136 aliud
1085 1071 1169 1136 enim
1193 1071 1299 1138 dicere
1323 1075 1431 1149 uelle,

265 1174 353 1242 alind
377 1194 451 1241 uere
474 1174 581 1240 dicere
603 1178 778 1240 amatorem
800 1172 934 1239 ridicule
956 1170 1219 1239 minitabundum.

351 1275 442 1354 Quae
464 1275 592 1358 quidem
615 1275 772 1361 scriptura
800 1275 871 1358 ipsa
899 1273 1051 1340 librorum
1080 1272 1296 1359 discrepantia
1325 1277 1429 1342 unice

265 1379 427 1463 probatur.
473 1377 556 1456 Quid
580 1377 687 1442 enim?
718 1377 746 1443 si
767 1377 900 1442 Plautus
922 1375 1102 1459 scripsisset
1123 1387 1195 1456 arro,
1220 1396 1296 1441 num
1319 1397 1427 1444 causa

266 1480 344 1546 satis
367 1484 444 1565 apta
465 1479 610 1562 intellegi
632 1483 756 1563 posset,
786 1497 841 1543 cur
867 1476 1023 1562 interpres
1052 1475 1248 1544 adscriberet
1269 1497 1355 1561 meo,
1385 1478 1425 1544 id

266 1579 351 1664 quod
367 1582 466 1648 multo
483 1571 723 1647 reconditiorem
738 1577 984 1661 explicationem
1000 1577 1161 1659 requirere
1176 1585 1322 1663 apertum
1344 1581 1425 1646 est?

266 1684 366 1749 Immo
382 1683 463 1749 sicut
478 1681 519 1746 ad
538 1702 567 1747 n.
585 1685 646 1745 505
670 1679 746 1745 olim
769 1698 826 1761 epo
847 1679 947 1751 istunc
969 1681 1074 1742 moltis
1096 1680 1230 1743 alericus·
1251 1679 1354 1742 modia
1377 1683 1422 1748 ab
1526 1690 1527 1693 ’

266 1806 304 1852 55
327 1782 523 1867 adscriptum
544 1780 618 1863 fuit,
647 1780 700 1862 qui
723 1799 763 1845 ex
786 1779 1010 1845 enuntiationis
1037 1781 1192 1866 principio
1224 1781 1422 1849 concludens

267 1884 421 1950 sensisset
443 1881 623 1966 exspectari
645 1880 837 1963 ulciscendi,
863 1901 925 1947 non
948 1882 1078 1948 amandi
1101 1881 1367 1964 significationem
1380 1884 1420 1967 ²):
1526 1868 1527 1883 ¹

266 1985 310 2051 ad
331 1984 501 2067 genuinam
523 1982 711 2068 scripturam
734 2003 801 2046 meo
824 1981 911 2049 idem
933 1983 1068 2049 fortasse
1091 1991 1182 2050 uetus
1207 1983 1421 2067 interpres
1526 2070 1527 2073 Ἴ

267 2085 393 2153 5111111
408 2107 475 2171 eoo,
497 2085 563 2154 soil.
579 2084 685 2149 dicere
700 2085 807 2153 coluit.
841 2086 946 2168 Atque
960 2085 993 2151 in
1009 2083 1163 2151 Palatinis
1182 2085 1312 2168 quidem
1328 2086 1421 2154 libris

267 2197 400 2272 utroque
415 2189 485 2254 loco
501 2196 669 2269 utrumque
685 2193 845 2253 seruatum
869 2186 968 2269 est³):
992 2185 1195 2253 Ambrosiani
1219 2187 1273 2271 qui
1296 2189 1421 2255 curauit

266 2292 483 2372 recensionem
493 2290 529 2372 ⁴),
554 2308 624 2354 oum
641 2285 800 2370 duplicem
815 2292 942 2371 putaret
957 2287 1041 2353 tradi
1062 2289 1259 2374 scripturam,
1283 2289 1421 2357 alteram
1526 2284 1527 2313 ¹

268 2409 403 2472 eamque
418 2387 682 2474 praestantiorem
699 2387 835 2469 elegisse
851 2387 912 2454 sibi
927 2387 1015 2455 uisus
1032 2391 1135 2456 solum
1155 2391 1420 2472 interpretamen-

267 2498 333 2558 tum
356 2490 416 2556 hoc
438 2488 546 2571 10005)
567 2489 600 2552 in
623 2491 806 2554 contextum
828 2491 962 2575 recepit:
992 2489 1027 2555 id
1050 2493 1135 2575 quod
1157 2490 1243 2557 hand
1266 2493 1365 2557 semel
1390 2493 1422 2558 ei

268 2590 425 2658 accidisse
449 2590 574 2657 uidetur
584 2588 620 2675 6).

355 2764 376 2823 1)
397 2758 438 2815 Ile
449 2758 546 2814 Plauti
555 2758 715 2828 fabularum
734 2762 889 2816 recursione
907 2759 1019 2830 duplici,
1038 2759 1126 2814 Berol.
1146 2763 1220 2824 1877,
1237 2774 1263 2828 p.
1277 2762 1318 2814 35.
1344 2758 1422 2814 Idem

266 2861 316 2900 sao
335 2844 476 2913 Ussingius
494 2843 604 2917 recepit.

353 2932 378 2995 1)
398 2927 439 2982 Cf.
452 2927 594 2981 Ritschelii
611 2926 811 2982 adnotationem
824 2928 859 2981 ad
871 2943 898 2981 u.
910 2931 967 2992 507,
985 2926 1134 2981 Herman'ni
1146 2927 1181 2980 ad
1192 2943 1218 2981 u.
1230 2931 1278 2981 473
1289 2931 1317 2982 51
1325 2931 1376 2983 475
1384 2928 1421 2983 Η.

233 3002 240 3006 ’
353 3014 378 3074 3)
396 3009 456 3064 Nisi
469 3009 541 3076 quod
553 3025 649 3064 uersus
663 3015 712 3064 505
724 3011 866 3077 glossema,
885 3026 940 3065 una
953 3027 1014 3066 cum
1027 3011 1080 3065 alio
1096 3012 1212 3080 quodam
1230 3011 1301 3080 quod
1313 3017 1423 3080 spectat

267 3093 302 3150 ad
314 3109 341 3148 u.
357 3098 405 3147 507
421 3107 437 3147 5
451 3091 623 3148 diasceuasta
634 3095 662 3147 ln
675 3095 754 3148 unius
769 3093 896 3149 uersiculi
910 3095 1025 3164 speciem
1037 3096 1183 3164 redactum,
1202 3099 1291 3151 exstat
1301 3097 1330 3152 in
1347 3096 1419 3151 BGD

265 3181 329 3251 post
347 3183 404 3233 507.

352 3268 378 3331 1)
395 3261 589 3318 Recensionem
600 3260 719 3329 intellegi
736 3259 816 3316 uelim
834 3263 1042 3329 grammaticam,
1061 3278 1116 3318 non
1128 3263 1268 3320 histricam
1281 3279 1298 3318 a
1310 3263 1420 3320 domino

266 3348 352 3416 gregis
371 3347 487 3416 quodam
505 3349 640 3414 curatam,
660 3345 786 3415 quoniam
803 3347 987 3415 exemplorum
1006 3347 1085 3416 copia
1102 3363 1150 3403 eae
1167 3349 1231 3403 mihi
1248 3348 1359 3418 probari
1377 3349 1420 3404 ui-

267 3433 364 3487 dentur
381 3431 508 3498 retiones,
528 3446 595 3509 quas
614 3436 708 3487 contra
721 3430 831 3499 Bergkii
850 3430 883 3485 de
896 3430 1080 3488 Palatinorum
1095 3433 1222 3488 librorum
1233 3432 1420 3488 ambrosiani·

267 3531 318 3588 que
337 3514 519 3583 discrepantia
537 3516 696 3571 sententiam
715 3515 814 3586 (Symb.
834 3515 869 3570 ad
885 3529 995 3584 gramm
1013 3517 1060 3572 lat.
1080 3518 1093 3570 I
1110 3534 1136 3587 p.
1155 3521 1420 3587 132.135.137sqq.,

267 3601 301 3656 cl.
324 3597 530 3655 Fleckeisenum
560 3597 630 3654 Non.
654 3600 742 3655 annal.
767 3606 786 3653 t.
809 3603 854 3654 101
879 3613 903 3653 5.
926 3604 988 3653 1870
1011 3617 1038 3668 p.
1066 3605 1114 3655 700
1130 3607 1198 3670 sqq.)
1224 3601 1347 3670 exposuit
1371 3602 1418 3656 Fr.

267 3685 415 3742 Schoellius
439 3682 561 3738 Analect.
586 3683 673 3738 Plaut.
698 3700 724 3753 p.
746 3688 839 3753 1-143
864 3683 897 3738 cl.
924 3682 994 3738 Gall.
1014 3684 1226 3741 Studemundum
1250 3682 1417 3754 ‘Festgruss'

266 3786 292 3839 p.
311 3775 343 3825 38
353 3786 393 3839 sq.

353 3857 377 3920 5)
395 3853 437 3908 De
454 3851 604 3922 posteriore
622 3850 692 3905 enim
709 3852 756 3906 illo
775 3867 830 3907 non
847 3852 942 3922 liquet:
962 3852 1024 3907 uide
1042 3851 1186 3908 Ritschelii
1203 3869 1265 3924 app.
1286 3853 1343 3910 crit.

353 3941 378 4005 0)
395 3937 528 4006 Exempla
545 3935 657 4005 praebet
674 3934 860 3992 Schoellianus
879 3951 956 4005 quem
973 3935 1052 3991 modo
1075 3936 1194 3993 indicaui
1215 3938 1322 3994 libellus
1347 3954 1373 4007 p.
1394 3946 1418 4010 7,

266 4020 300 4078 cf.
314 4021 499 4090 Niemeperum
512 4019 529 4074 1.
540 4020 557 4073 1.
568 4035 594 4089 p.
604 4025 636 4074 47
656 4023 737 4089 atque
750 4020 820 4077 illias
836 4019 1066 4078 commentationis
1082 4037 1219 4080 censorem
1238 4022 1418 4080 158515111-
