3080 4748
256 275 297 338 86
655 272 830 328 Gualtlrerius
848 272 1019 328 Brachmeun

255 447 423 514 molestam
446 443 607 527 quandam
630 443 737 512 inesse
759 464 907 513 moneam
928 443 1166 526 uerbositatem,
1190 461 1289 525 qnare
1314 443 1430 509 inter-

255 549 381 635 polatas
398 567 468 615 esse
484 545 627 633 suspicor
642 567 754 615 uersus
775 551 836 611 522
858 545 1067 632 posteriorem
1089 551 1225 630 partem,
1243 545 1430 626 sequentis

254 651 401 738 priorem.
445 647 539 730 Quod
561 650 722 734 glossema
744 648 829 716 unde
858 653 961 715 ortum
990 648 1047 731 sit,
1076 645 1251 732 perspieies
1279 647 1429 714 conlato

254 773 284 819 n.
302 755 362 818 533
386 751 440 834 (el.
463 749 547 830 690).
591 750 667 817 Noli
689 750 772 817 enim
794 741 925 818 ereder'e
947 755 997 815 ter
1021 750 1054 815 in
1084 755 1234 832 quattuor
1261 749 1429 816 uersibus

253 854 389 922 iterasse
410 855 561 921 Plautum
583 849 771 938 languidum
792 850 874 918 illud
895 871 989 914 eausa
1011 871 1079 913 mea
1092 849 1126 934 ¹).

340 1043 360 1120 ξ
385 1043 432 1105 17.
476 1039 593 1105 Verum
617 1037 778 1104 enimuero
802 1037 896 1106 doleo
918 1038 1003 1105 idem
1026 1035 1113 1119 quod
1134 1036 1195 1102 hoe
1216 1035 1250 1101 in
1271 1035 1348 1103 loeo
1377 1035 1425 1102 de

256 1139 446 1224 Ussingii
468 1138 716 1206 iudioauerimns
731 1139 898 1225 sententia,
919 1140 953 1205 in
968 1143 1091 1208 eeteros
1106 1141 1172 1205 fere
1188 1156 1298 1203 omnes
1313 1137 1424 1204 huius

255 1242 385 1308 fabulae
408 1239 523 1308 eadere
546 1242 651 1326 looos,
680 1241 721 1307 de
750 1241 865 1325 quibus
892 1241 984 1308 nobis
1013 1240 1072 1307 erit
1100 1237 1339 1325 disputandum.
1391 1239 1422 1303 E

255 1342 345 1410 euius
364 1341 514 1427 editione,
538 1345 656 1431 quippe
677 1363 759 1427 quae
782 1345 962 1428 nuperrime
985 1343 1102 1410 emissa
1124 1341 1165 1407 sit
1187 1337 1230 1422 (a.
1251 1342 1360 1424 1878),
1390 1341 1421 1406 si

256 1443 440 1512 existimare
456 1445 547 1532 uelis,
571 1465 729 1529 quaenam
745 1447 786 1511 sit
808 1446 895 1531 apud
913 1446 1007 1512 huius
1029 1443 1145 1511 aetatis
1166 1443 1312 1510 homines
1334 1443 1417 1512 doe

256 1555 305 1614 tos
327 1547 454 1628 generis
476 1549 562 1616 illius
585 1548 722 1633 cognitio
745 1568 783 1614 ae
806 1546 1041 1630 quodammodo
1069 1545 1266 1612 informatio:
1295 1565 1419 1614 uereor

255 1669 297 1716 ne
318 1657 403 1717 retro
426 1650 561 1716 eessisse
583 1649 690 1733 potins
713 1669 808 1730 quam
831 1648 1004 1732 profeeisse
1027 1647 1202 1714 uideamur.
1256 1683 1260 1692 ·

341 1751 392 1815 An
407 1749 494 1833 apud
510 1769 582 1816 enm
598 1767 709 1815 oenses
724 1749 881 1832 integrum
896 1747 1009 1816 harum
1025 1769 1130 1816 rerum
1153 1768 1223 1816 esse
1245 1747 1414 1830 iudicium,

256 1851 310 1933 qui
332 1869 459 1916 uersum
487 1854 545 1914 143
568 1871 589 1916 a
611 1851 784 1918 Ritsehelio
806 1849 997 1933 iampridem
1020 1852 1190 1936 expulsum
1214 1851 1330 1916 iterum
1351 1869 1413 1934 pro
1522 1858 1523 1887 ¹

256 1948 394 2032 genuino
417 1953 586 2036 amplexus
608 1972 672 2018 una
694 1972 765 2019 eum
788 1951 949 2018 simillimo
975 1952 1123 2035 sequenti
1149 1951 1303 2019 retinuit?
1347 1950 1413 2032 Qui

255 2071 368 2120 uersus
388 2055 449 2118 393
463 2073 544 2138 sqq,
568 2073 647 2136 qnos
669 2057 756 2122 nullo
779 2055 874 2120 modo
898 2059 983 2122 stare
1005 2075 1100 2139 posse
1121 2054 1187 2120 iam
1201 2054 1341 2121 Weisius
1362 2054 1410 2118 in-

257 2154 396 2240 tellexit,
421 2150 539 2225 ‘loeum
564 2174 693 2242 prorsus
714 2148 911 2223 Plautinum²
929 2176 1009 2223 esse
1030 2155 1201 2238 iudicauit,
1229 2175 1269 2221 ne
1292 2173 1410 2239 operae

257 2259 386 2340 quidem
409 2259 545 2342 pretium
568 2278 640 2324 esse
662 2257 834 2323 arbitratus
857 2277 1034 2342 exponere,
1065 2276 1203 2339 quonam
1218 2257 1410 2322 >sententiae

257 2359 385 2424 uinoulo
400 2378 472 2424 enm
487 2358 602 2425 eeteris
620 2356 778 2431 ooniunotl
801 2364 907 2423 essent
930 2364 985 2425 aut
1008 2357 1087 2440 quid
1108 2358 1236 2425 omnino
1259 2355 1321 2424 sibi
1346 2357 1409 2424 uel-

256 2459 345 2523 lent?
389 2458 497 2537 Quid?
529 2457 614 2541 quod
637 2477 747 2524 uersus
772 2464 832 2526 166
845 2478 892 2542 sq.
915 2479 1019 2541 aequo
1040 2461 1109 2526 iure
1135 2459 1169 2524 in
1192 2458 1410 2527 Plautinorum

257 2564 408 2625 contextu
421 2558 551 2626 retineri
567 2559 729 2628 eonteudit
747 2582 786 2627 ae
811 2565 869 2628 1611
882 2579 939 2644 sq.,
961 2561 1110 2627 nimirum
1131 2561 1257 2626 illorum
1281 2579 1411 2643 prorsus

256 2661 416 2744 geminos,
449 2661 621 2748 obiurgans
650 2663 844 2750 Seyffertum
874 2662 1145 2745 Teuffeliumque,
1176 2660 1294 2759 quiid
1325 2660 1410 2743 quod
1522 2648 1523 2679 ¹

256 2764 350 2830 uniee
365 2785 476 2854 uerum
492 2771 541 2831 est
555 2764 713 2851 uiderunt,
737 2767 883 2834 refellere
898 2773 1006 2833 tamen
1028 2784 1137 2832 eorum
1159 2767 1349 2845 argumenta
1371 2783 1410 2829 ne

256 2885 427 2948 aggressus
443 2866 582 2949 quidem,
606 2887 678 2932 oum
693 2869 793 2935 satius
808 2868 971 2934 uideretur
990 2867 1070 2932 haee
1084 2864 1278 2938 adnotasse:
1298 2858 1409 2931 ‘Teuf-

257 2965 334 3030 lelio
349 2973 478 3048 propter
493 2966 577 3032 hano
594 2968 835 3034 similitudinem
858 2986 968 3033 uersus
991 2967 1115 3049 spurios
1138 2965 1292 3030 iudicanti
1314 2986 1408 3032 nemo

257 3064 352 3129 faeile
367 3058 515 3132 aooedet?
552 3066 647 3133 Adde
662 3067 748 3150 quod
767 3086 924 3149 nusquam
946 3069 1013 3136 fere
1034 3090 1075 3136 ex
1096 3068 1147 3152 iis,
1171 3086 1253 3150 quae
1275 3067 1410 3135 adnotat

256 3167 290 3231 in
312 3166 556 3251 commentario,
579 3167 719 3234 dilucide
743 3170 891 3252 eognosoi
912 3175 1032 3255 potest,
1054 3175 1159 3237 utrum
1182 3188 1202 3232 a
1223 3169 1409 3255 posterioris

256 3270 373 3334 aetatis
396 3271 494 3337 seiolo
518 3269 657 3352 quodam
679 3270 904 3353 interpolatum
927 3292 968 3338 an
990 3292 1030 3338 ex
1053 3277 1162 3337 uetere
1192 3271 1409 3355 dittographia

256 3373 360 3436 ortum
384 3390 454 3438 esse
477 3373 618 3455 aliquem
646 3373 751 3439 loeum
780 3372 966 3456 arbitretur,
995 3373 1188 3458 saepiusque
1217 3371 1408 3455 dubitanter,

258 3490 355 3553 qnam
371 3479 455 3539 eerto
471 3475 579 3555 aliquo
594 3482 782 3558 argumento
798 3473 934 3541 eonfisus
950 3474 990 3542 de
1004 3474 1150 3541 uersibus
1168 3479 1223 3538 aut
1246 3474 1407 3558 expellen-

257 3572 308 3640 dis
328 3579 386 3640 aut
407 3574 582 3641 retinendis
603 3575 755 3642 iudioium
779 3576 885 3642 faeere
907 3576 1067 3659 praetulit.

342 3673 425 3742 Nolo
449 3680 556 3741 tamen
577 3674 716 3756 iniquius
744 3677 886 3744 iudieare
915 3676 956 3743 de
984 3676 1071 3741 illius
1094 3694 1207 3758 opera,
1239 3696 1321 3758 quae
1345 3696 1407 3743 uno

257 3783 344 3845 oerte
358 3779 391 3843 in
406 3779 476 3845 looo
494 3777 537 3843 ad
558 3776 619 3843 hoo
640 3780 838 3861 corruptelae
860 3798 960 3863 genus
982 3777 1160 3863 pertinente
1182 3779 1228 3842 ita
1251 3777 1405 3860 enitesoit,
1476 3815 1480 3822 ·

344 3930 369 3992 1)
388 3925 455 4010 'lale
473 3926 537 3997 quid
555 3924 745 3994 Kiesslingium
762 3943 868 3997 quoqne
890 3927 1006 3984 sensisse
1027 3925 1164 3995 suspicor,
1189 3942 1250 3982 oum
1272 3927 1405 3996 integrum

258 4027 284 4066 u.
296 4013 345 4064 513
365 4010 441 4065 aneis
458 4010 616 4066 includeret.
