3080 4748
353 320 396 376 De
414 320 581 376 Bacchidem
598 319 742 376 Plautinae
759 321 953 382 renwtatmns
972 322 1105 379 scaemca.
1260 322 1300 382 67

150 493 253 578 magis
275 490 448 561 tenendum
470 498 520 558 est
541 489 678 558 eundem
699 493 765 558 ianr
789 513 873 559 anno
899 495 995 575 18411,
1024 513 1095 560 cnm
1125 493 1165 556 de
1186 493 1308 577 duplici

151 597 241 658 eoez'ta
270 593 414 657 Andriae
447 593 652 656 Terentianae
681 599 792 678 ageret
818 594 942 661 adscito
971 594 1105 662 Poenuli
1133 594 1303 662 Plautinae

151 695 316 781 exemplo,
346 695 471 761 etiamsi
493 694 632 760 nondum
655 693 850 760 intellectum
874 701 975 777 esset,
1006 714 1102 777 quarn
1124 698 1189 763 late
1212 704 1301 782 pate-

30 850 34 855 .
150 806 221 864 rent
236 795 373 880 duplicis
389 795 581 863 recensionis
596 796 630 861 in
644 795 762 861 iabulis
777 797 935 862 Plautinis
957 798 1102 879 uestigia,
1124 798 1172 864 ita
1193 804 1301 863 tamen

150 898 247 964 totius
270 897 464 981 quaestionis
486 915 643 963 summam
666 897 861 982 expressisse
876 897 915 980 ¹),
945 905 980 963 ut
1000 899 1085 964 intra
1107 898 1303 966 lineamenta

150 1001 192 1064 ab
220 1000 277 1066 illo
306 997 402 1063 ducta
430 998 611 1065 etiamnunc
640 998 759 1084 optime
788 999 940 1066 consistat
967 1000 1117 1066 uniuersa
1145 1001 1191 1067 rei
1220 1001 1303 1066 ratio

150 1105 221 1166 octo
243 1101 344 1165 ferme
366 1101 536 1165 lustrorum
558 1099 673 1166 studiis
695 1099 891 1185 amplissime
914 1104 1017 1165 auote.

234 1202 333 1266 Multo
356 1199 497 1267 acutiore
521 1218 617 1281 quam
632 1201 780 1268 Osannns
803 1201 921 1267 iudicio
943 1201 1089 1269 Theod.
1113 1201 1303 1287 Bergkius

149 1323 225 1371 usus
240 1300 404 1386 ingeniose
427 1300 468 1367 de
490 1301 604 1368 eodem
627 1307 813 1384 argumento
836 1301 986 1368 disseruit
1008 1303 1040 1369 in
1056 1303 1186 1370 Diurnis
1201 1305 1302 1385 antiq.

98 1462 102 1467 .
149 1406 280 1472 stada
306 1406 386 1467 1848
410 1423 440 1487 p.
465 1407 561 1487 11343
591 1404 718 1486 singula
740 1409 848 1470 tamen
870 1410 904 1470 ut
926 1405 1116 1493 explanaret
1141 1403 1301 1471 interdum

148 1527 189 1574 ne
211 1505 259 1572 illi
281 1504 409 1587 quidem
432 1505 502 1590 pari
522 1513 640 1571 euentu
662 1505 794 1590 contigit
803 1505 838 1588 2).
876 1504 944 1588 Cui,
967 1525 1039 1571 cum
1053 1525 1165 1589 parurn
1188 1524 1303 1571 seuera

74 1645 79 1654 ·
148 1626 261 1674 norma
283 1606 456 1672 adstrictus
478 1605 521 1672 ad
546 1604 763 1687 quaestionem
787 1606 1030 1690 aggrederetur,
1054 1605 1169 1673 accidit
1190 1613 1225 1672 ut
1246 1614 1305 1673 aut

148 1714 340 1791 euagaretur
362 1706 404 1771 ad
427 1706 647 1774 sollicitandos
670 1707 756 1774 locos
779 1727 907 1792 prorsus
925 1727 1021 1775 sanos
1044 1707 1148 1791 (uelut
1163 1727 1233 1773 cunr
1249 1727 1302 1774 uu.

148 1810 235 1876 Trin.
252 1813 313 1874 409
330 1814 362 1873 et
379 1812 440 1872 852
463 1808 661 1876 retractatori
683 1808 862 1892 tribueret),
885 1817 942 1876 aut
963 1809 1122 1877 contrario
1144 1809 1222 1876 uitio
1244 1809 1300 1875 ad-

148 1912 244 1978 misso
267 1929 372 1976 meras
394 1910 655 1996 interpolationes
678 1932 735 1995 pro
759 1911 983 1995 dittographiis
1006 1931 1047 1978 ex
1070 1911 1142 1996 ipsa
1164 1910 1301 1991 antiqui·
1429 1931 1436 1938 ·

147 2019 213 2078 tate
227 2005 410 2097 repetendis
425 2012 559 2077 haberet
575 2011 624 2094 (ut
639 2012 756 2078 Bacch.
773 2032 802 2077 u.
818 2011 905 2094 430).
926 2005 973 2077 'Iu
989 2012 1067 2096 ipsis
1083 2017 1190 2079 autem
1206 2011 1300 2076 ditto-

147 2113 290 2198 graphiis
304 2118 339 2176 ut
353 2110 523 2196 pristinum
540 2113 704 2194 utriusque
727 2111 922 2179 recensionis
944 2133 1100 2181 conexum
1122 2113 1302 2180 restitueret

148 2221 180 2280 et
210 2214 356 2298 neglecto
385 2231 513 2297 prorsus
543 2213 704 2280 tralaticio
733 2213 844 2280 ordine
875 2233 915 2278 ex
944 2213 1108 2280 incondito
1138 2219 1301 2294 tamquam

148 2315 377 2383 uersiculorum
393 2331 491 2398 grege
508 2331 588 2394 quos
606 2313 720 2380 liberet
742 2314 926 2381 consociare
949 2334 1046 2381 ausus
1068 2320 1117 2380 est
1138 2314 1301 2398 (exempla

148 2416 265 2484 habeto
288 2415 483 2482 Bacchidum
507 2435 619 2482 uersus
641 2419 819 2498 375-384,
845 2416 1023 2482 Trinummi
1045 2413 1244 2500 308-312),
1268 2422 1300 2482 et

148 2519 371 2603 opitulatorem
393 2515 566 2583 admodum
589 2517 770 2599 frequenter
799 2515 1034 2584 diasceuastam
1062 2518 1124 2584 sibi
1152 2517 1298 2602 adsciuit,

148 2620 201 2704 qui
225 2619 368 2686 consulto
390 2618 521 2685 nimiam
545 2619 691 2685 binarum
713 2619 850 2703 partium
881 2619 1120 2686 similitudinem
1149 2619 1300 2685 obscura-

147 2721 246 2787 uisset
269 2719 371 2803 (uelut
392 2720 509 2786 Bacch.
533 2740 563 2786 u.
587 2723 665 2802 430,
694 2719 782 2785 Trin.
805 2720 899 2803 670):
929 2721 1044 2801 quibus
1067 2719 1197 2801 quidem
1225 2721 1299 2785 arti-

146 2822 227 2890 ficiis
250 2827 384 2907 apparet
405 2822 525 2888 eleuari
547 2821 594 2888 rei
615 2819 721 2886 fidem.

232 2993 252 3072 ξ
274 2994 302 3056 8.
335 2993 442 3072 Atque
457 3012 498 3058 ex
514 3011 554 3057 ea
569 2989 699 3071 quidem
721 2988 840 3072 tabula,
863 2989 952 3056 cuius
974 2986 1223 3074 perscrutandae
1246 3009 1297 3074 pe·

148 3093 266 3162 culiare
280 3093 442 3179 negotium
458 3111 516 3159 nos
531 3092 739 3177 suscepimus,
762 3091 878 3173 quibus
894 3089 1033 3156 diximus
1054 3097 1110 3157 aut
1131 3110 1299 3176 perperam

146 3201 202 3262 ant
229 3214 291 3260 non
318 3193 397 3260 satis
427 3192 655 3278 circumspecte
685 3192 728 3258 ad
756 3212 824 3259 rem
853 3190 1133 3259 demonstrandum
1163 3191 1299 3258 abusum

147 3315 217 3363 esse
243 3295 418 3380 Bergkium
441 3294 608 3378 exemplis,
632 3315 740 3362 eorum
763 3294 857 3362 alteri
872 3315 945 3362 suo
960 3293 1030 3360 loco
1053 3292 1180 3359 uberior
1201 3293 1300 3376 paulo

147 3396 321 3480 disputatio
344 3393 550 3462 concedenda
572 3397 647 3461 erit:
670 3394 711 3461 de
733 3396 843 3480 altero,
866 3417 915 3468 ne„
928 3393 1014 3461 absit
1036 3394 1078 3459 ab
1099 3393 1161 3458 hac
1182 3390 1299 3459 disser-
1408 3419 1411 3425 ·

147 3500 267 3566 tatione
282 3498 424 3565 locorum
439 3493 652 3564 consideratio
668 3494 795 3563 illorum
819 3497 873 3578 qui
895 3497 957 3562 huc
978 3493 1149 3578 portinere,
1173 3494 1299 3562 etiamsi

234 3719 258 3782 r)
275 3698 482 3770 nesciamus
500 3712 529 3768 n
546 3712 672 3782 naarai
688 3715 803 3768 ramae
825 3724 891 3782 prae
915 3711 1011 3767 cetera
1032 3712 1095 3768 urae
1116 3729 1143 3781 p.
1161 3714 1220 3766 sor.
1239 3713 1299 3764 soc.

147 3807 197 3856 600
232 3804 347 3950 iiiito
364 3881 422 3937 eius
442 3895 584 3936 censuram
602 3881 766 3936 recensionis
779 3879 929 3936 Trinummi
943 3878 1152 3946 Bitschclianae,
1168 3878 1300 3934 insertam

146 3970 259 4025 Diuru'rs
277 3968 359 4036 antiq.
379 3967 449 4021 stud.
468 3981 492 4020 a.
516 3969 579 4020 1848
597 3982 623 4035 p.
644 3969 708 4021 1129
723 3982 796 4035 sqq,
820 3966 938 4034 itemque
960 3961 1126 4018 Bacchidum
1150 3962 1300 4032 Stichique,

146 4054 246 4110 Dinrn.
262 4068 287 4108 a.
309 4058 374 4110 1850
391 4069 417 4122 p.
437 4054 553 4119 3³0sqq.
1060 4131 1093 4185 5*
