3080 4748
305 395 310 406 .
365 371 407 428 De
425 371 593 426 Bacchidum
611 371 754 428 Plautinae
771 375 963 430 retractatione
981 378 1115 432 scaenica.
1270 379 1311 440 69
1367 445 1370 454 ,

161 543 251 626 quire
279 531 455 610 rectissime
484 520 687 626 cognouisset
715 546 874 629 Bergkius
886 549 927 630 ¹),
961 521 1210 633 dittographiam
1241 571 1312 619 esse

161 646 296 712 duorum
318 646 372 727 qui
395 643 589 728 praecedunt
611 647 798 732 autumanit,
820 649 866 714 sic
888 656 995 716 autem
1018 652 1190 732 antiquitus
1213 653 1311 738 scrip·

161 754 229 814 tum
250 746 349 812 fuisse
371 746 550 830 suspicatus
574 753 637 813 eat:
791 751 796 764 '

379 879 423 934 Ibi
440 894 518 934 auam
535 883 651 933 aetatem
668 880 897 947 exercebant,
915 890 971 936 non
988 883 1005 936 i.
1024 883 1042 937 l.
1061 884 1078 938 l.

159 1018 242 1081 quae
266 999 395 1082 quidem
416 1001 582 1085 scriptura,
608 1007 777 1085 postquam
799 1003 831 1067 in
854 1023 951 1069 unum
975 1011 1157 1070 contextum
1179 1015 1311 1091 recepta

158 1108 243 1168 essct
265 1108 399 1184 utraque
421 1102 580 1185 recensio,
609 1101 679 1167 fieri
700 1122 764 1168 non
785 1105 926 1189 potuisse
949 1106 1024 1186 quin
1050 1112 1180 1191 propter
1209 1101 1308 1175 mani-

156 1203 271 1270 icatam
293 1205 465 1288 superioris
487 1223 598 1270 uersus
621 1204 863 1271 similitudinem
888 1206 1117 1273 immutaretur.
1161 1207 1309 1277 Eundem

156 1313 267 1371 autem
288 1326 415 1372 ucrsum
431 1324 549 1387 magna
571 1305 810 1390 propinquitate
832 1309 989 1389 attingere
1012 1309 1155 1376 eiusdem
1176 1311 1308 1379 fabulae

156 1425 283 1472 uersum
308 1412 363 1473 56:

258 1523 328 1578 Nam
346 1523 410 1578 hulc
428 1523 513 1578 aetati
529 1525 586 1576 non
604 1521 741 1590 conducit,
760 1525 861 1589 mulier,
880 1524 1084 1579 latebrosus
1103 1527 1199 1581 locus

155 1644 287 1728 paululo
310 1650 384 1709 ante
408 1642 444 1708 0.
467 1642 664 1711 Ribbeckius
687 1650 852 1710 monuerat
861 1643 896 1728 2).
933 1645 1080 1711 Ceterum
1102 1646 1226 1730 pridem
1248 1669 1308 1733 pro

156 1745 264 1827 spurio
288 1751 487 1829 expunxerat
507 1745 620 1811 Frano.
646 1745 800 1830 Guyctus.

240 1847 348 1931 Atque
364 1847 511 1928 equidem
527 1867 654 1914 uersum
669 1847 760 1912 illum
776 1851 837 1912 430
856 1847 982 1930 penitus
997 1867 1184 1932 persuasum
1201 1850 1305 1917 habeo

152 1946 283 2024 retineri
305 1969 367 2015 non
389 1968 484 2032 posse
508 1947 625 2032 (neque
648 1949 798 2012 cancellis
815 1948 949 2014 cundem
964 1948 1129 2016 includere
1145 1950 1304 2017 dubitauit

153 2049 232 2117 Alfr.
254 2049 512 2131 Fleckeisenus):
543 2048 792 2134 dittograpbiam
819 2068 888 2115 esse
910 2067 1059 2115 uersuum
1083 2053 1153 2117 428.
1178 2055 1239 2116 429
1263 2072 1305 2119 ex

152 2151 226 2235 ipsa
247 2145 438 2231 antiquitate
460 2148 668 2232 repetendam
692 2169 784 2233 nego.
823 2151 888 2214 Aut
910 2148 1104 2218 demonstret
1125 2153 1223 2218 uelim
1245 2154 1304 2218 ali·

153 2252 241 2334 quis,
267 2251 420 2333 quidnam
441 2251 567 2317 intersit
589 2250 789 2316 differentiae
811 2251 896 2316 inter
913 2251 1007 2319 huius
1029 2272 1141 2318 uersus
1163 2254 1302 2321 rationes

152 2359 184 2420 ct
205 2353 336 2438 putidae
359 2353 527 2419 cuiuslibet
548 2352 803 2435 interpolationis
827 2372 955 2419 sensum
985 2354 1203 2437 contiguorum
1232 2374 1301 2421 uer-

152 2475 244 2522 suum
267 2455 443 2539 aequantia.

237 2557 280 2622 At
294 2557 397 2642 potuit
412 2555 540 2637 quidem
556 2553 707 2621 facillime
723 2555 769 2620 ita
791 2574 842 2621 res
864 2555 1002 2641 euenire,
1025 2561 1060 2622 ut
1081 2557 1191 2624 docu'it
1207 2557 1304 2642 Berg-

152 2658 235 2724 kius.
260 2657 374 2750 Audio.
418 2657 527 2723 Potuit
549 2675 643 2721 sane:
670 2675 745 2722 nam
767 2658 953 2737 quantulum
983 2658 1043 2723 erit
1070 2678 1176 2724 rerum
1204 2660 1305 2726 incre-

152 2756 414 2841 dibilium,'quas
429 2760 483 2825 uel
498 2758 640 2842 potuisse
657 2757 721 2823 ullo
737 2757 831 2822 modo
853 2757 924 2822 ficri
945 2759 1067 2842 neges?
1103 2761 1174 2824 Arti
1196 2768 1305 2826 tamen

152 2878 236 2942 nego
261 2861 429 2926 conuenire
450 2859 568 2926 ficticia
590 2877 629 2922 ac
658 2858 879 2923 commenticia
908 2877 1036 2940 prorsus
1064 2859 1199 2943 pristina
1228 2879 1305 2941 qua-

153 2961 229 3027 dam
245 2961 451 3028 similitudine
462 2961 499 3046 3),
523 2979 606 3042 qnae
625 2959 847 3026 diasceuastae
869 2958 976 3025 nescio
1000 2958 1050 3024 eui
1072 2960 1217 3025 mutandi
1238 2982 1303 3027 rur-

152 3083 207 3130 sus
229 3064 394 3130 materiam
409 3064 612 3158 praebuerit,
640 3061 729 3128 abuti
751 3061 794 3126 ad
816 3060 1057 3145 approbandam
1080 3061 1177 3126 aliam
1201 3064 1305 3132 bonae

153 3171 249 3232 notae
271 3164 487 3232 recensionem
510 3184 659 3231 uersuum
681 3164 808 3228 illorum
831 3163 907 3229 olim
929 3162 1147 3228 instauratam.

112 3335 128 3362 ι
224 3258 275 3332 'In
298 3267 483 3332 uniuersum
505 3266 606 3332 libere
628 3265 780 3350 profiteor
801 3265 896 3345 longe
920 3263 1083 3328 minimam
1106 3263 1146 3328 iis
1168 3262 1305 3347 duplicia

152 3369 347 3436 recensionis
371 3386 465 3448 quam
489 3387 560 3433 esse
587 3366 756 3432 uoluerunt
785 3365 941 3449 exemplis
968 3363 1065 3428 fidem
1094 3383 1145 3429 me
1174 3363 1305 3449 habere,

154 3471 284 3552 quaein
299 3470 370 3535 loco
387 3468 529 3549 alioquin
544 3469 585 3532 ab
601 3467 663 3532 hac
684 3487 719 3532 re
741 3465 937 3531 alienissimo
959 3464 1052 3531 unius
1074 3465 1223 3531 uersiculi
1244 3465 1304 3532 ite·

154 3577 225 3638 rata
247 3570 406 3638 sententia
428 3570 636 3635 claudicantis
658 3567 774 3634 finibus
793 3565 1021 3632 contineantur.
1061 3564 1175 3632 Omnia
1198 3572 1304 3632 autem

241 3775 266 3838 1)
284 3769 380 3824 Dium.
399 3771 481 3839 antiq.
500 3769 571 3824 stud.
590 3784 614 3823 a.
637 3773 701 3822 1850
718 3785 744 3838 p.
764 3771 820 3820 330.

239 3859 265 3920 l)
283 3853 373 3909 Praei.
393 3853 480 3908 Stichi
496 3853 697 3909 Ritacbellanae
714 3869 741 3922 p.
760 3850 860 3906 XVIII.

221 3945 266 4007 ,3)
284 3938 396 4009 Bergkii
412 3939 451 3992 illi
470 3939 640 3994 coniecturae
658 3938 681 3992 si
703 3937 763 4006 quis
787 3935 880 3990 credat
902 3934 1099 3988 firmamentum
1120 3931 1248 3986 accedere
1272 3947 1305 3986 cx

152 4025 298 4082 locutionis
315 4029 430 4078 aetatem
443 4023 627 4080 extendebant
642 4020 795 4087 insolentia,
814 4036 862 4088 ego
880 4025 975 4073 contra
988 4014 1121 4070 contendo
1134 4015 1206 4070 banc
1217 4015 1304 4084 ipsam

154 4111 269 4182 prodere
286 4108 488 4178 interpolatoris
505 4105 648 4162 inscitiam.
