3080 4748
636 264 814 322 Gnalllrarius
832 265 1005 323 Brachmann

709 537 851 606 CAPUT
872 539 912 605 11.

321 691 341 770 ξ
364 693 393 756 7.
430 689 556 758 Primus
572 698 678 758 autem
693 689 725 756 in
742 688 823 756 hanc
837 709 904 754 rem
927 690 1066 757 animum
1089 692 1225 759 intendit
1247 691 1386 759 Fride-

236 783 345 858 r'ious
374 789 573 877 Osannus,
603 793 657 874 qui
686 810 756 856 cunr
786 790 1010 853 Analectorom
1033 793 1215 856 criticorum
1245 793 1387 860 Berclini

237 912 320 960 anuo
340 897 420 960 1816
436 894 632 978 proditorum
648 890 799 956 extremis
814 889 915 956 tribus
931 891 1088 974 capitibus
1107 891 1147 957 de
1170 893 1276 957 causis
1291 894 1384 958 Plau-

236 995 372 1062 tinarum
394 993 573 1059 fabularum
599 991 867 1076 interpolationis,
898 991 937 1057 de
958 991 1177 1056 Plautinarum
1203 990 1384 1057 fabularum

235 1094 490 1178 interpolatione,
514 1094 555 1160 de
577 1091 713 1158 diuersis
728 1093 834 1159 Plauti
856 1092 1036 1158 fabularum
1060 1091 1298 1176 exemplaribus
1321 1091 1382 1156 dis-

235 1200 364 1278 sereret,
387 1181 468 1261 haec
491 1195 554 1262 tria
574 1213 646 1260 mea
668 1192 798 1274 quidem
821 1193 978 1260 sententie
1000 1193 1176 1260 rectissime
1199 1192 1362 1276 cognouit:

319 1296 470 1380 primum:
493 1293 749 1362 retractationem
764 1303 795 1363 et
810 1297 1005 1380 singulorum
1028 1298 1169 1369 locorum
1192 1301 1225 1362 et
1246 1300 1384 1361 totarum

234 1398 415 1464 fabularum
430 1395 499 1462 fieri
514 1395 665 1482 potuisse,
689 1417 760 1464 cum
776 1399 913 1482 fabulae,
935 1398 991 1465 ubi
1012 1398 1053 1464 ab
1077 1397 1235 1463 aedilibus
1258 1403 1384 1482 emptae

235 1502 357 1583 esseut,
386 1497 451 1565 iam
476 1504 643 1584 poetarum
671 1499 733 1566 iuri
761 1507 930 1586 exemptae
958 1497 991 1564 in
1020 1499 1208 1566 histrionum
1237 1498 1384 1566 manibus

234 1599 312 1666 satis
329 1599 382 1666 diu
398 1606 609 1683 uersarentur,
633 1602 819 1684 priusquam
837 1601 1117 1684 grammaticorum
1140 1600 1383 1682 criticorumque

235 1701 453 1786 experirentur
475 1721 597 1784 curam;

319 1804 468 1869 alterum:
491 1823 621 1870 causam
639 1802 903 1884 occasionemque
925 1801 1066 1868 nouandi
1088 1803 1166 1868 satis
1188 1809 1296 1887 aptam
1318 1801 1389 1872 illis.

233 1903 340 1986 fuisse,
358 1923 428 1970 cum
444 1908 569 1970 ueteres
583 1904 714 1971 fabulae
727 1903 841 1972 iterum
855 1903 1034 1984 iterumque
1050 1903 1204 1986 repetitae
1219 1903 1251 1970 in
1266 1915 1384 1970 scaeua

234 2004 456 2089 agerentur¹);
836 2091 840 2097 υ

318 2105 458 2186 tertium:
474 2106 645 2192 conspicua
661 2126 731 2173 esse
746 2108 927 2173 etiamnunc
942 2105 975 2171 in
989 2104 1107 2170 fabulis
1122 2105 1288 2188 Plautinis,
1305 2126 1380 2188 qua·

234 2209 281 2276 les
304 2207 377 2274 libri
399 2207 499 2273 nostri
522 2207 718 2291 exhiberent,
742 2209 940 2274 diuersorum
963 2199 1193 2290 exemplarium
1215 2207 1361 2289 uestigio.

317 2309 353 2373 In
376 2307 600 2394 pertractando
622 2314 731 2376 tamen
753 2309 905 2375 hocloco
928 2307 973 2373 ita
995 2326 1074 2374 uera
1101 2328 1172 2374 cum
1201 2308 1383 2375 falsissimis

233 2407 375 2476 confudit
396 2407 552 2496 (inprimis
567 2409 600 2476 in
615 2409 654 2475 X.
672 2410 786 2493 capite,
810 2409 864 2475 ubi
881 2409 1007 2492 singulo
1030 2407 1167 2494 duplicis
1188 2409 1382 2476 recensionis

233 2511 381 2595 exempla
394 2509 522 2596 adfert),
545 2514 580 2578 ut
594 2510 821 2596 ignoscendum
838 2531 915 2578 saue
930 2509 1077 2578 uideatur
1097 2511 1145 2593 iis,
1169 2513 1223 2593 qui
1244 2511 1382 2593 iniquius

232 2613 272 2679 de
288 2612 349 2677 huc
362 2609 450 2676 illius
465 2613 623 2678 sententia
638 2611 871 2679 iudicauerunt:
893 2611 928 2677 id
951 2611 1036 2694 quod
1058 2613 1091 2677 in
1106 2611 1382 2694 Ladewigium
1398 2637 1400 2640 ·

231 2697 370 2780 maxime
399 2711 501 2796 cadit,
531 2713 586 2798 qui
614 2714 646 2780 in
668 2714 747 2780 Mus.
772 2713 871 2782 Rhen.
896 2721 970 2781 tom.
993 2713 1040 2778 Ill
1062 2734 1092 2797 p.
1114 2716 1174 2778 523
1188 2732 1257 2795 sqq.
1281 2719 1381 2780 totam

230 2812 319 2881 illam
335 2814 377 2881 de
392 2817 510 2881 nouato
525 2813 705 2881 fabularum
720 2817 938 2881 Plautinarum
961 2814 1145 2881 recensione
1168 2815 1382 2883 coniecturam

231 2916 317 2982 omui
338 2913 403 2981 fide
426 2933 534 2981 carere
558 2916 731 3000 contendit,
759 2918 855 3000 paulo
878 2916 985 2982 mitius
1008 2914 1214 2998 ille—quidem
1237 2915 1382 2985 iudicans

231 3022 379 3101 quattuor
401 3017 492 3082 anuis
514 3022 588 3084 aute
610 3017 776 3094 iuDiuru.
800 3015 898 3098 antiq.
917 3015 1000 3083 stud.
1017 3038 1045 3083 a.
1065 3021 1143 3082 1841
1167 3038 1197 3102 p.
1218 3021 1297 3080 1079
1310 3036 1380 3102 sqq.

315 3117 384 3184 Iam
399 3122 474 3185 ante
489 3117 709 3200 Ladewigium
724 3126 833 3185 autem
856 3138 903 3201 ea,
927 3137 1009 3200 quae
1032 3117 1072 3185 de
1087 3115 1281 3185 Bacchidum
1304 3139 1380 3185 nou-

229 3220 326 3286 nullis
340 3219 419 3286 locis
435 3217 581 3286 Osannus
596 3225 815 3305 proposuerat,
840 3219 949 3286 reiecit
964 3219 1196 3286 Ritschelius
1218 3219 1250 3285 in
1265 3218 1381 3300 illustri

230 3322 288 3388 illa
316 3320 354 3383 dc
383 3319 497 3383 Plauti
515 3319 727 3384 Bacchidibus
757 3321 980 3388 dissertatione
1002 3321 1216 3387 Vratislauiae
1244 3341 1273 3386 a.
1300 3323 1380 3385 1836

230 3420 317 3488 edita
329 3419 362 3503 2).
401 3419 502 3498 Quem
518 3442 558 3489 ne
574 3421 679 3506 ipsum
696 3422 824 3504 quidem
846 3422 932 3489 illius
954 3423 1001 3489 rei
1022 3422 1214 3508 grauitatem
1238 3428 1304 3487 tum
1325 3439 1379 3505 pe·

229 3523 314 3592 nitus
336 3522 539 3608 perspexisse
560 3543 643 3590 nunc
665 3542 742 3591 sane
764 3522 859 3590 facile
882 3529 931 3590 est
952 3521 995 3588 ad
1020 3521 1265 3608 arguendum3).
1310 3521 1379 3601 Quo

232 3659 435 3671 —...--——

318 3745 340 3806 1)
351 3739 394 3794 De
404 3738 447 3794 his
457 3738 580 3795 omuibus
593 3701 815 3796 cfsRitschelium
825 3740 932 3808 Parerg.
943 3756 970 3809 p.
982 3743 1039 3794 331.
1052 3743 1147 3809 88sqq.
1157 3744 1190 3794 94
1203 3744 1232 3794 et
1241 3738 1381 3795 Goetzium

228 3827 245 3880 L
257 3841 277 3880 Β.
290 3829 483 3978 81ξίξίἰέἓῇ
501 3898 586 3963 estin
604 3908 713 3978 Porerg.
731 3925 757 3978 p.
777 3912 822 3962 391
836 3925 892 3978 sqq.

216 4053 218 4058 .
313 3996 338 4057 3)
358 3992 398 4047 Of.
417 3992 526 4059 Parerg.
547 4008 573 4060 p.
592 3995 727 4047 ors-420
752 3992 822 4048 conl.
841 3991 1018 4048 Studemundi
1036 3985 1204 4060 ‘Festgruss'
1224 4009 1251 4062 p.
1268 3996 1378 4047 40-43.
