3092 4756
344 353 387 407 De
405 353 573 410 Bacchidum
591 353 734 410 Plautinae
750 358 944 414 retractatione
962 359 1094 414 scaenica.
1231 357 1292 419 165

131 525 252 594 addita
274 545 361 610 esse,
387 545 449 608 quo
472 524 598 592 facilius
621 534 831 611 cognoscatur
853 547 1024 610 quamnam
1047 549 1194 598 censeam
1217 532 1292 598 olim

130 629 234 698 fuisse
257 628 487 695 sententiarum
510 645 581 694 sese
611 626 836 712 excipientium
865 629 1097 723 integritatem,
1127 651 1191 698 non
1213 652 1293 716 opus

132 735 186 796 est
208 726 335 796 disertis
357 729 466 796 uerbis
489 749 628 797 monere.

223 850 243 928 ξ
266 852 316 913 47.
346 848 416 914 Iam
437 867 509 930 eum
531 853 630 915 restet
644 848 836 931 grauissima
856 847 951 914 huius
967 846 1191 933 disputationis
1206 871 1292 937 pars,

134 950 227 1015 ouius
250 948 293 1014 sit
313 948 473 1031 inquirere
495 949 528 1015 in
551 956 772 1032 argumentum
795 969 931 1016 scaenae
953 970 992 1016 ac
1015 952 1291 1035 compositionem:

134 1070 199 1132 quo
215 1049 397 1134 expeditior
410 1049 563 1118 reddatur
577 1051 640 1118 loci
654 1051 740 1117 illius
760 1051 954 1138 explanatio,
976 1072 1190 1137 proponemus
1210 1054 1291 1120 eius-

133 1153 210 1219 dem
232 1152 346 1218 tertiae
368 1171 505 1218 scaenae
533 1152 650 1237 partis,
680 1172 776 1234 quam
805 1174 846 1219 ex
869 1153 994 1220 Veteris
1016 1153 1080 1220 fide
1103 1173 1199 1239 supra
1220 1174 1290 1237 per-

134 1253 332 1339 scripsimus,
355 1253 538 1338 exemplum
560 1254 759 1336 emendatius
782 1254 860 1336 tale,
882 1274 903 1320 a
926 1255 1013 1339 quali
1027 1254 1292 1338 proficiscendum

132 1357 229 1427 nobis
250 1352 413 1439 uideatur,
435 1357 456 1421 i.
473 1377 500 1423 e.
524 1356 610 1440 quod
639 1354 719 1419 nihil
748 1355 790 1420 sit
817 1355 880 1420 nisi
900 1356 1108 1436 uestigiorum
1138 1357 1291 1442 pristinae

134 1458 313 1542 scripturae
335 1462 513 1541 temporum
535 1456 704 1538 iniquitate
733 1455 841 1522 multis
863 1455 968 1522 modis
990 1458 1188 1524 turbatorum
1210 1462 1290 1523 tam·

135 1579 232 1642 quam
254 1557 483 1641 interpretatio.
528 1560 599 1637 Quo
615 1557 753 1640 ‘quidem
779 1557 928 1642 exemplo
951 1564 984 1623 et
1005 1558 1292 1643 comprehendetur

133 1679 198 1726 uno
222 1664 394 1744 conspeetu
422 1657 579 1741 quidquid
601 1659 798 1727 effecerimus
828 1660 989 1744 superiore
1002 1651 1005 1658 ’
1018 1658 1236 1744 disputatione
1258 1668 1291 1728 et

133 1762 217 1827 ratio
251 1759 413 1829 reddetur
435 1760 596 1828 uariarum
626 1780 709 1844 quae
740 1761 780 1829 de
811 1761 883 1846 ipsa
915 1761 1071 1846 scriptura
1104 1760 1290 1846 propositae

134 1862 208 1944 sint,
232 1861 500 1946 coniecturarum
528 1869 563 1928 ut
586 1863 767 1945 legentibus
788 1862 866 1947 ipsis
888 1867 1031 1946 potestas
1054 1862 1096 1928 sit
1116 1861 1290 1948 iudicandi,

135 1969 168 2028 et
189 1963 312 2030 satisne
334 1963 561 2031 conuenienter
582 1965 659 2030 artis
682 1964 811 2030 criticae
839 1965 1016 2031 rationibus
1037 1984 1096 2031 nos
1118 1965 1290 2031 institueri-

134 2084 206 2131 mus
220 2061 321 2150 ipsius
332 2065 470 2132 traditae
487 2065 664 2163 scripturae
680 2062 945 2148 emendationem,
962 2071 995 2132 et
1007 2085 1083 2132 num
1094 2066 1165 2133 fieri
1179 2067 1291 2152 possit,

134 2172 170 2232 ut
184 2166 415 2233 sententiarum
430 2166 674 2249 argumentique
698 2165 873 2232 rationibus
888 2167 1043 2251 reputatis
1060 2166 1094 2232 in
1110 2167 1168 2232 tali
1183 2187 1290 2233 exem·

132 2268 188 2353 plo
211 2269 468 2352 acquiescamus,
496 2267 863 2353 denique'existimandi
885 2288 960 2334 num
982 2269 1063 2334 forte
1084 2267 1117 2333 in
1135 2267 1175 2334 iis
1191 2266 1306 2335 offen:

134 2369 279 2436 sionibus
309 2369 631 2454 difficultatibusque,
663 2368 800 2450 inques
828 2369 966 2454 inquiret
993 2367 1150 2453 posterior
1180 2374 1289 2436 nostra

134 2471 320 2557 disputatio,
343 2472 407 2537 sint
430 2490 513 2552 quae
527 2470 592 2537 iam
608 2470 686 2537 satis
708 2477 784 2555 apte
799 2470 922 2537 dilutae
938 2488 1009 2537 esse
1025 2469 1194 2537 uideantur
1208 2471 1290 2550 alius

135 2573 312 2659 cuiuspiam
327 2572 519 2640 coniectura.

407 2756 594 2811 Librorum
610 2755 775 2810 memoria
793 2753 1020 2809 emendatior.

154 2875 168 2929 Ι
194 2879 226 2929 50
241 2874 300 2930 Vct.
318 2873 403 2928 Bau:
427 2873 544 2943 Sequere
562 2874 622 2929 hac.
660 2873 736 2928 NIOc
761 2873 837 2926 Eunt
854 2887 932 2927 eccas
949 2869 1057 2926 tandem
1076 2868 1290 2941 probriperldce-

594 2960 660 3014 brae
677 2961 705 3012 et
721 2958 927 3027 persuastrioes.
1066 2956 1153 3011 116612.
1168 2960 1243 3010 littr
1254 2956 1288 3011 R.

289 3038 294 3044 .
313 3040 410 3113 (Eira)
428 3044 491 3113 quid
509 3043 602 3116 <uos>l
619 3059 691 3098 nunc
709 3041 789 3098 etiam
806 3042 892 3140 nobis·
903 3041 1016 3097 redditis
1040 3040 1110 3096 filios
1129 3045 1155 3148 et
1170 3040 1290 3180 lstrlulossnsr:
1339 3109 1342 3118 Α

308 3212 359 3265 ,An
381 3226 430 3279 ego
455 3209 580 3282 experior
603 3217 692 3267 tecum
713 3213 787 3291 <aiter
803 3211 904 3268 dotem
921 3211 1041 3282 papatis>
1062 3131 1291 3266 uirdstddaiorem?

593 3297 695 3351 PHIL:
714 3294 791 3352 Abin
808 3297 889 3351 hino?
1211 3297 1290 3348 11681>

313 3381 375 3436 Non
388 3381 469 3436 hdmo
487 3385 518 3436 tu
535 3383 641 3450 quidem
659 3398 698 3447 cs,
716 3382 762 3450 qui
778 3381 848 3436 istoc
866 3383 947 3451 pacto
965 3384 1021 3435 tam
1038 3375 1155 3448 lepidam
1172 3378 1291 3447 inlepide

143 3550 168 3603 V
314 3551 398 3605 Bac:
418 3549 506 3606 Senex
524 3465 821 3620 όρωωῖῗρξὲξῑῐιυηεῐ
838 3549 866 3603 ln
883 3553 972 3617 terra,
994 3549 1052 3606 sine
1070 3548 1138 3622 (mc)
1154 3548 1207 3605 hdo
1225 3562 1290 3602 exo-

595 3651 656 3690 rare
674 3638 724 3706 aps
741 3639 776 3700 te,
1224 3637 1289 3686 1170

169 3760 272 3803 Adcot.
290 3762 369 3804 crit:

253 3827 280 3870 lc
297 3829 338 3871 troc
355 3829 500 3872 adnotatione
516 3828 627 3870 sciendam
644 3842 689 3872 aon
708 3829 850 3873 ullttrctalii
865 3828 1002 3877 recensione,
1020 3827 1058 3870 scd
1077 3837 1090 3868 a
1107 3825 1169 3868 ttorts
1185 3835 1219 3866 me
1235 3821 1305 3877 pro!

168 3895 249 3947 tertiam
261 3909 321 3940 erec:
339 3897 378 3939 ille
391 3904 464 3940 tumea
478 3897 562 3950 qualem
570 3895 699 3948 probauerit
716 3909 817 3940 uersuum
835 3896 1002 3952 dispositionem
1020 3907 1049 3938 ea
1066 3893 1161 3936 comens
1179 3903 1230 3946 quos
1249 3893 1288 3934 cd-

169 3964 217 4006 citt
236 3975 365 4018 coqcoacere
383 3965 443 4008 licat.
466 3960 470 4026 Ι
494 3957 516 4012 Ι.
539 3963 759 4020 probriperlecehrao
781 3978 828 4008 cram
847 3967 909 4009 editt.
926 3976 969 4006 cao
988 3963 1052 4006 cardo
1072 3959 1239 4014 comprehendi,
1261 3973 1290 4003 cc

168 4033 242 4075 salicta
259 4039 337 4086 quarto
354 4034 399 4076 orat
417 4033 523 4076 diaeresis
540 4033 591 4087 tiatc
615 4034 653 4076 aad
671 4033 698 4086 cf.
717 4034 813 4087 Uasioptt
831 4031 1006 4076 commentarios.
1032 4025 1036 4093 Ι
1058 4021 1134 4090 IIsq.
1152 4030 1185 4073 lle
1203 4027 1236 4071 itia
1253 4040 1290 4069 rua

169 4100 193 4143 io
204 4103 216 4157 ξ
228 4101 255 4143 td
272 4101 360 4145 aterius
372 4102 452 4145 dictum
466 4109 506 4144 cst.
524 4102 577 4154 quid
589 4102 665 4145 niuei
684 4102 728 4145 iam
739 4102 829 4147 redditis
843 4102 906 4146 nobis
920 4092 930 4164 ΙΙ
944 4098 1011 4154 Filias
1029 4099 1079 4142 edd.
1094 4093 1098 4160 Ι
1113 4090 1147 4148 V.
1166 4108 1202 4140 me
1219 4097 1288 4141 inser.
