3080 4748
341 349 383 405 De
400 347 564 403 Bacchidem
582 347 724 402 Plautinae
743 345 935 401 retractatione
954 346 1087 402 scaenica.
1245 343 1283 404 91

132 543 195 590 nec
209 528 318 588 mmen
339 541 360 585 a
381 520 549 586 uerborum
573 524 628 584 aut
650 536 745 584 sensu
767 523 822 584 aut
844 517 1076 584 constructione
1097 517 1197 583 ullum
1219 538 1285 584 cer·

132 623 281 708 ruptelae
303 619 453 688 indicium
476 620 541 703 peti
563 625 683 704 pedesq
712 619 809 684 Immo
832 625 974 702 praestat
995 618 1207 684 nominatinus
1229 617 1285 685 ad-

133 725 245 792 ieetiui
268 723 298 791 ei
321 720 407 807 quod
429 721 629 787 Hermannus
651 719 757 805 posuit
778 722 919 803 ipaeaia,
949 721 987 786 cl.
1011 739 1063 786 uu.
1087 724 1158 784 544.
1176 719 1284 802 5421).

132 826 232 893 Haud
255 845 330 892 uere
353 843 444 890 secus
466 823 618 889 erationis
640 822 815 906 integritati
838 822 929 887 obest
956 821 1058 904 magis
1087 827 1183 903 quam
1211 822 1285 887 sub·

113 917 224 995 ⁸uenit
245 947 274 993 u.
292 929 363 992 548.
397 925 481 990 Nam
497 931 532 990 ut
545 924 688 991 emittam
710 924 845 991 subiecti
866 924 980 990 iterum
1002 923 1079 990 elati
1101 922 1286 1006 importuni·
1392 953 1396 960 ·

133 1034 244 1111 tatem,
267 1027 370 1113 ipsam
393 1026 582 1094 sententiam

186 1151 280 1248 daque
298 1179 315 1242 i,
334 1192 362 1231 se
381 1192 461 1245 quem
479 1175 622 1242 trirstrant,
639 1174 766 1231 frustrari
784 1175 852 1230 alies
871 1175 995 1238 stolidi
1013 1174 1230 1230 existumant
1268 1201 1271 1210 ν

132 1316 177 1382 ab
194 1315 263 1381 eius
279 1313 466 1381 condicione
480 1319 615 1399 apparet
637 1313 864 1379 alienissimam
887 1331 967 1395 esse,
992 1312 1045 1394 qui
1067 1313 1137 1398 ipse
1160 1333 1194 1380 se
1216 1312 1285 1378 fun·

135 1417 220 1483 ditus
236 1415 421 1482 frustratum
436 1435 506 1483 esse
527 1415 697 1498 existimat,
720 1415 875 1498 perfidum
898 1415 1034 1480 amicum
1058 1415 1216 1495 quomode
1239 1413 1285 1479 ul-

133 1519 271 1584 cIseatnr
293 1537 355 1582 nen
378 1517 485 1582 habet.
800 1509 809 1519 ’

221 1617 312 1697 Quae
334 1607 404 1684 cum
426 1619 473 1682 ita
494 1619 566 1701 sint,
591 1619 704 1684 herum
726 1618 952 1684 uersiculorum
975 1618 1115 1702 ineptias
1137 1615 1283 1698 equidem

133 1739 250 1788 censeo
274 1720 341 1785 eius
364 1718 425 1785 arti
447 1741 510 1786 nen
534 1738 604 1785 esse
627 1717 868 1800 relinquendas,
900 1718 954 1801 qni
977 1723 1098 1786 eeteros
1126 1737 1188 1784 nen
1217 1718 1285 1782 sine

133 1822 275 1908 quadam
287 1821 465 1902 elegantiae
477 1821 585 1905 specle
601 1819 771 1886 effinxerit:
788 1841 921 1903 querum
936 1821 1071 1887 alterum
1087 1817 1176 1903 (544)
1191 1818 1284 1884 inter·

130 1922 288 2009 pelatoris
310 1921 497 2003 loquacitati
520 1921 630 1988 deberi
659 1923 810 2006 arbitror,
834 1941 1028 2007 operamque
1050 1921 1201 2007 perdere,
1231 1919 1286 2003 qui

131 2025 241 2093 uersui
259 2043 442 2091 succurrere
458 2023 558 2091 uelint
580 2023 779 2106 mutand0²):
808 2024 943 2090 alterum
965 2021 1065 2107 (548),
1095 2041 1189 2104 quem
1212 2023 1286 2088 libri

132 2129 181 2194 sic
202 2128 269 2194 fere
292 2131 458 2191 exaratum
481 2125 648 2192 exhibent:

228 2261 317 2327 Atque
335 2258 354 2312 ii
372 2257 412 2324 (bi
420 2245 495 2322 Cbl),
514 2257 558 2311 bic
569 2258 616 2321 Ga)
635 2271 664 2310 se
682 2271 743 2311 cum
761 2227 935 2324 frustrantur,
953 2255 1082 2310 frustrari
1098 2271 1123 2309 a.
1134 2271 1155 2310 s.
1167 2271 1190 2309 e.

132 2395 335 2481 grammatici
351 2395 458 2461 nascio
482 2394 570 2460 cuius
594 2413 663 2460 esse
685 2392 980 2461 adnotatiunculam
1004 2415 1044 2460 ex
1066 2392 1285 2460 recordatione

132 2501 198 2566 loci
213 2497 378 2564 cniusdam
393 2495 541 2581 paralleli
556 2493 714 2578 ertam3.);
739 2515 833 2579 quem
857 2496 912 2578 qui
933 2497 974 2563 eb
998 2493 1195 2561 consimilem
1217 2514 1284 2561 uer-

132 2620 226 2667 suum
244 2602 305 2663 546
317 2619 363 2683 sq.
389 2597 579 2664 sententiam
595 2596 800 2680 adscriberet,
823 2618 863 2664 ne
882 2586 1021 2664 noluisse
1043 2597 1134 2662 illum
1157 2596 1286 2677 quidem

132 2721 263 2768 uersum
286 2700 411 2766 efficere
434 2698 591 2765 existimo.

219 2801 338 2868 Eiectis
360 2801 457 2882 igitur
477 2800 679 2884 glossematis
701 2799 781 2864 haec
803 2799 871 2864 fere
898 2796 1002 2864 crede
1022 2818 1062 2864 ex
1091 2798 1209 2863 ueteris
1239 2818 1285 2863 re·

131 2903 314 2970 tractatoris
337 2902 470 2969 consilio
492 2901 526 2966 in
546 2920 662 2968 scaena
684 2900 817 2968 recitata
843 2919 927 2965 esse:

167 3036 262 3090 PIS'I':
283 3034 447 3090 Miltimore
459 3034 511 3089 iste
530 3032 610 3103 atque
630 3034 751 3112 exemplo
770 3032 874 3098 uiuent,
893 3047 960 3100 ques
979 3047 1059 3100 quem
1078 3027 1190 3086 censeas
1237 3035 1285 3084 540

168 3109 238 3176 Esse
256 3120 366 3184 amieos,
384 3117 557 3188 reperiuntur
575 3118 638 3174 falsi
654 3118 824 3182 falsimdniis,

168 3207 274 3274 Lingua
292 3204 409 3269 factiosi,
427 3205 528 3258 iuertes
547 3206 638 3272 apere,
657 3201 778 3258 sublesta
796 3202 859 3256 lide:

126 3359 130 3362 ,
168 3290 268 3346 Nullus
287 3293 335 3354 est,
355 3289 417 3358 quei
435 3291 489 3343 ndu
506 3286 647 3342 inuideaat
664 3289 720 3343 rem
740 3287 886 3343 secundam
904 3287 1049 3354 optingere.
1237 3289 1285 3340 543

222 3497 245 3559 l)
265 3492 433 3561 Quamquam
444 3491 556 3548 nimium
568 3490 653 3546 fuisse
666 3491 871 3560 inaequalitate
884 3486 1027 3543 efficienda
1040 3485 1193 3543 Acidalium
1211 3491 1286 3557 puto,

133 3578 180 3647 qui
198 3594 226 3631 n.
243 3580 292 3631 542
309 3575 423 3630 sablesti
440 3576 523 3631 scribi
539 3575 632 3644 iussit;
652 3577 687 3630 ef.
706 3575 780 3630 Pers.
801 3577 859 3628 348.

220 3664 247 3726 2)
263 3660 298 3714 H.
318 3661 351 3714 A.
369 3659 504 3715 Kochium
527 3660 656 3724 maxime,
681 3659 726 3727 qui
744 3657 776 3712 -in
801 3657 872 3711 Mus.
891 3657 979 3711 Rhen.
998 3663 1071 3712 teme
1090 3656 1167 3713 XXV
1191 3673 1217 3726 p.
1237 3661 1286 3711 622

134 3748 205 3801 hanc
223 3745 366 3814 preposuit
385 3745 580 3799 coniecturam:
599 3746 653 3800 sibi
668 3760 730 3797 aaa
747 3742 907 3798 anaideatar
1019 3746 1183 3810 (ηομ-ηε),

221 3827 411 3897 apspeetaase
429 3845 490 3884 eum
508 3829 566 3882 ueri
590 3828 733 3883 admodum
757 3829 843 3884 slmile
867 3830 903 3884 ad
920 3829 1075 3882 Ennianum
1099 3826 1174 3879 illurn
1197 3826 1287 3880 lecum
1353 3865 1355 3870 -

134 3918 194 3980 (sat.
207 3915 287 3969 incl
304 3914 392 3979 Vana,
411 3914 446 3970 cf.
465 3914 567 3968 Hertaii
586 3913 701 3968 Gellium
719 3911 811 3968 XVIII
824 3918 862 3980 2),
881 3914 927 3968 ubi
944 3911 1047 3967 luditur
1065 3909 1148 3964 uariis
1167 3913 1287 3967 uocabu-

135 3998 222 4054 lorum
244 3998 383 4068 srastrara'
399 4003 427 4054 et
442 3999 553 4069 frastra
571 4013 627 4052 esse
650 3997 814 4068 rationibus3
840 3999 916 4053 euius
940 3997 994 4052 leci
1017 4011 1059 4048 me
1082 3995 1289 4052 commonefecit

137 4082 165 4137 0.
185 4081 329 4137 Ribbeekii
346 4082 506 4152 benignitas.
