3092 4756
343 352 387 406 De
403 350 570 406 Baccbidum
592 351 734 406 Plautinae
750 353 943 408 retractatione
960 355 1092 412 scaenica.
1226 358 1283 418 131

129 524 244 608 petitis
260 521 344 589 effici
367 529 410 605 ut,
434 540 518 604 quae
533 529 711 606 repugnent
724 531 835 608 aperte
856 525 919 611 ipsi
940 526 1070 594 fabulae
1090 537 1287 614 argumento,

130 626 258 695 scilicet
279 624 407 709 Lydum
428 624 580 691 simulare
594 623 678 690 inde
700 626 849 692 continuo
872 643 944 693 sese
966 627 1084 710 egredi,
1107 629 1194 695 unde
1213 651 1286 698 eum

130 737 207 814 post
231 726 284 793 CC
304 729 372 792 iere
392 745 544 792 uersuum
564 725 769 791 interuallum
784 736 953 794 exeuntem
969 728 1096 795 demum
1111 750 1284 816 conspexe

131 830 198 895 rint
213 833 420 913 spectatores,
442 847 507 894 non
520 827 583 912 ipsi
597 828 713 893 Plauto
727 828 795 910 illa,
817 827 876 896 sed
896 832 1095 898 retractatori
1117 832 1287 900 tribuenda

132 950 206 998 esse
229 935 347 1012 pateat.

632 1103 784 1111 ——0—

612 1316 753 1386 GAPUT
777 1317 811 1384 V.

217 1457 305 1534 536.
342 1452 508 1516 Exhausto
528 1451 613 1515 omni
635 1452 853 1536 exemplorum
876 1451 978 1535 eopia,
1001 1451 1172 1536 inquibus
1193 1454 1284 1522 inda·

130 1554 247 1639 gandia
262 1553 496 1621 retractationis
510 1551 655 1635 uestigiis
670 1552 785 1637 praeiit
800 1553 939 1618 uiromm
954 1550 1117 1618 doctorum
1139 1573 1283 1640 acumen,
1402 1635 1405 1642 Ι

129 1657 193 1722 iam
209 1653 340 1738 proprio
355 1654 457 1738 Marte
477 1651 519 1718 ad
541 1653 666 1735 reliqua
687 1653 780 1720 nobis
802 1651 1071 1737 progrediendum
1093 1660 1152 1720 est,
1188 1655 1282 1739 Nam,

130 1759 213 1823 sicut
235 1755 270 1820 in
291 1755 355 1820 illis
378 1773 461 1836 qnae
483 1755 680 1821 absoluimus
701 1775 765 1820 non
788 1753 936 1837 deerant,
964 1754 1077 1835 quibus
1100 1757 1152 1822 uel
1174 1757 1283 1839 augeri

130 1859 181 1925 uel
197 1855 380 1924 confirmari
394 1857 534 1940 priorum
557 1860 688 1940 possent
703 1855 849 1922 inuenta:
871 1857 917 1920 ita
939 1876 1048 1922 eorum
1071 1857 1212 1924 locorum
1234 1877 1281 1923 re-

129 1957 326 2044 liquefacta
347 1963 396 2022 est
417 1977 481 2023 non
503 1957 621 2038 exigua
642 1957 736 2041 copia
758 1959 829 2041 qni,
853 1977 1046 2040 quamquam
1068 1959 1226 2043 pertinent
1248 1965 1283 2026 ut

130 2061 183 2142 qui
206 2057 348 2125 maxime
369 2056 413 2123 ad
435 2057 497 2124 hoc
519 2058 717 2143 corruptelae
739 2078 856 2142 genus,
884 2059 1021 2126 latentes
1044 2065 1150 2128 tamen
1176 2060 1283 2130 adhuc

129 2160 242 2228 intacti
264 2159 378 2226 iacent.

214 2260 325 2327 Veluti
345 2296 386 2306 —
407 2260 514 2344 placet
528 2258 614 2325 enim
636 2267 672 2324 ut
686 2280 707 2324 a
720 2258 894 2324 leuioribus
914 2257 1078 2343 capiamus
1099 2258 1224 2326 initium
1240 2296 1282 2306 -

76 2417 80 2428 ,
129 2363 248 2430 nullius
272 2361 377 2428 adhuc
398 2362 580 2427 coniectura
600 2359 635 2425 in
664 2360 897 2426 retractationis
926 2357 1139 2444 suspicionem
1167 2358 1282 2427 incidit

129 2465 161 2530 in
173 2462 384 2530 festinissima
399 2481 438 2529 ea
452 2480 578 2543 scaena,
601 2461 634 2525 in
657 2479 720 2541 qua
735 2459 910 2546 Chrysalus
934 2459 1009 2526 fieta
1029 2460 1087 2526 illa
1109 2459 1150 2526 de
1169 2459 1278 2528 Archi-

129 2563 268 2634 demidis
290 2563 425 2647 hospitis
447 2560 560 2629 fraude
583 2568 615 2627 et
638 2560 678 2626 de
705 2562 842 2628 euroin
869 2561 950 2630 aede
972 2561 1096 2628 Dianae
1119 2561 1280 2647 Ephesiae

129 2666 276 2751 deposito
299 2665 480 2731 narratione
502 2681 591 2727 erum
614 2662 741 2746 decipit.

436 2913 682 2982 Bacchidem
703 2914 908 2999 specimen
930 2913 970 2978 X.

622 3037 669 3080 Act.
682 3036 700 3078 lt
719 3049 753 3080 sc.
765 3039 787 3080 3.

213 3153 285 3218 Hac
306 3152 340 3218 in
361 3171 478 3218 scaena
500 3119 714 3235 praecaeteris
736 3149 816 3215 illud
838 3156 1003 3215 teneamus
1025 3155 1165 3232 oportet,
1182 3150 1278 3230 —quod

128 3254 313 3321 felicissime
327 3273 448 3334 seruus,
472 3270 535 3332 quo
558 3252 675 3319 certius
697 3251 794 3317 fidem
816 3249 1002 3316 commentis
1024 3251 1090 3315 suis
1111 3259 1213 3333 paret,
1234 3252 1278 3316 ad

11 3355 13 3372 '
126 3353 278 3421 narrandi
296 3354 458 3436 quoddam
481 3371 582 3437 genus
604 3371 675 3420 sese
697 3353 838 3436 applicat
859 3352 901 3416 ab
923 3351 988 3415 illis
1009 3349 1149 3416 maxime
1170 3350 1203 3416 in
1226 3371 1275 3418 oo·

11 3423 15 3510 d
127 3457 268 3523 tidianae
291 3456 378 3522 uitae
399 3474 459 3521 usu
481 3453 626 3520 adbiberi
649 3453 787 3537 solitum,
810 3453 874 3532 qui,
898 3450 982 3532 qnod
1004 3450 1066 3535 ipsi
1090 3452 1179 3518 breui
1201 3457 1277 3520 ante

127 3566 180 3624 aut
203 3556 329 3641 experti
352 3556 416 3620 sint
438 3559 493 3620 aut
515 3553 687 3637 gesserint,
718 3573 789 3619 oum
810 3551 981 3617 iactatione
1004 3552 1144 3633 quadam
1171 3553 1275 3636 graui·

11 3727 12 3730 ,
126 3661 265 3741 tatisque
281 3657 388 3741 speeie
403 3660 575 3740 exponunt.
613 3657 735 3737 Itaque,
758 3674 829 3719 cum
845 3653 1101 3737 simplicissimae
1124 3655 1275 3734 cuiusque

11 3753 12 3786 Τ
125 3763 170 3827 rei
202 3759 331 3844 pusillis
362 3757 539 3840 rationibus
571 3756 740 3838 diligenter
773 3746 941 3839 explicatis
973 3753 1210 3821 accuratissime
1240 3757 1275 3816 ut

125 3861 267 3943 quidque
296 3865 403 3926 aetum
431 3858 473 3924 sit
501 3857 652 3924 describit
685 3856 866 3937 crebrisque
894 3853 1134 3938 repetitionibus
1162 3852 1273 3936 ampli·

124 3964 220 4031 ficata
236 3960 380 4028 oratione
395 3965 496 4026 totum
511 3960 601 4024 illum
623 3958 665 4024 ad
687 3956 907 4042 accipiendam
930 3957 976 4020 rei
998 3970 1153 4018 summam
1176 3953 1274 4022 interr·
1348 4001 1350 4006 -

124 4064 186 4146 dit,
209 4060 384 4128 subaudire
406 4058 641 4140 quodammodo
664 4059 762 4124 risum
783 4057 884 4142 ipsius
906 4054 998 4120 nobis
1020 4051 1176 4137 uidemur,
1197 4075 1274 4138 gau·

1031 4173 1046 4222 9
1053 4169 1068 4202 *¹
