3080 4748
244 311 260 332 ‘V
337 359 378 414 De
396 358 563 414 Bacchidem
581 359 724 414 Plautinae
742 358 935 414 retractatione
954 361 1087 415 scaenica.
1242 358 1282 419 75

131 554 175 601 ne
189 534 304 600 iterum
320 529 363 596 ad
381 551 411 597 5.
431 535 468 595 16
485 537 516 597 51
536 536 631 612 1555.
653 529 688 594 id
711 550 868 614 moneam,
891 527 976 611 quod
998 531 1093 597 modo
1115 529 1158 597 ad
1180 553 1210 598 u.
1227 535 1282 597 27:
1309 573 1320 592 .

132 641 382 723 consentaneum
405 633 583 698 5555528
605 631 742 715 primum
765 631 807 697 ab
830 632 1039 714 Agorastocle
1059 633 1205 699 lenonem
1227 651 1282 718 ap-

131 736 266 824 pellari3
296 751 398 814 neque
420 739 495 800 ante
517 754 547 799 u.
569 734 604 796 17
630 737 716 799 certe
737 733 893 800 concedes
914 732 984 799 fieri
1005 752 1116 818 posse,
1146 753 1208 817 quo
1230 755 1282 801 ac-

133 837 250 905 cedere
267 856 302 902 55
317 835 401 902 55115
413 831 520 918 Lycus
535 833 620 900 dicit.
656 829 984 900 Animarflrertendum
1000 841 1050 901 est
1063 841 1181 919 autem,
1197 836 1283 918 quod

132 961 163 1006 u.
182 943 200 1004 6
215 937 299 1004 redit
313 943 388 1004 ante
405 941 460 1022 123
484 957 578 1021 quem
594 941 727 1020 apparet
741 936 893 1002 alterutro
909 936 979 1004 loeo
998 936 1175 1002 tollendum
1197 945 1291 1004 esser

131 1039 266 1108 tollendi
288 1039 382 1117 simul
407 1039 462 1122 qui
482 1036 661 1122 interpositi
683 1043 756 1103 sunt
777 1058 828 1104 uu.
846 1042 964 1120 7-10‚
994 1057 1074 1120 quos
1103 1059 1213 1106 omnes
1235 1059 1283 1106 re-

130 1141 297 1209 tractatori
319 1139 430 1207 deberi
451 1139 569 1207 iudico.

223 1242 261 1307 In
289 1243 463 1325 genuino
492 1261 569 1306 uero
595 1238 766 1306 fabulae
795 1241 908 1305 exitu
938 1239 1168 1325 discrepantia,
1199 1259 1282 1322 quae

131 1364 162 1411 5.
175 1343 202 1408 V
216 1349 244 1427 5,
257 1347 294 1407 51
308 1361 378 1426 sqq.
394 1345 476 1410 iuter
490 1340 736 1408 Ambrosianum
751 1339 918 1408 intercedit
934 1345 1172 1424 ceterommque
1187 1342 1281 1409 libro-

131 1467 201 1512 rum
224 1444 425 1527 memoriam,
451 1443 580 1528 grauior
602 1441 728 1508 uidetur
753 1461 839 1525 esse,
868 1461 963 1524 quam
987 1444 1113 1525 qualem
1136 1463 1193 1527 pro
1216 1464 1282 1514 eor·

131 1548 258 1633 ruptela
287 1547 339 1613 uel
369 1546 571 1612 librariorum
600 1544 723 1614 incuria
752 1545 803 1610 uel
832 1545 1060 1626 glossematum
1089 1545 1282 1612 incremento

131 1656 203 1715 orta
224 1647 377 1732 accipias:
405 1645 489 1713 adde
512 1646 598 1728 quod
619 1645 792 1730 inrepsisse
815 1644 967 1711 hocloco
990 1644 1113 1727 aliquid
1135 1643 1220 1712 certe
1242 1666 1283 1712 ex
1315 1708 1319 1712 .

132 1749 239 1816 alieno
256 1749 394 1829 quodam
414 1748 592 1832 exemplari
613 1746 794 1814 testimonio
817 1750 891 1811 5551
912 1745 1065 1812 suffectae
1086 1746 1173 1813 illius
1195 1765 1281 1813 scae-

132 1870 202 1969 nae,
227 1868 322 1932 quam
345 1849 439 1917 modo
461 1849 678 1932 tractabimus,
700 1867 811 1914 uersus
830 1851 962 1930 12-14,
985 1848 1040 1932 551
1061 1848 1226 1933 postve,
1242 1852 1282 1913 52

131 1952 165 2018 in
187 1952 334 2019 omnibus
356 1959 484 2037 praeter
505 1952 534 2017 A
556 1950 646 2015 libris
669 1951 779 2034 legunt
780 1970 825 2015 ur.

216 2053 282 2120 Sed
304 2059 340 2119 51
361 2053 471 2138 555115
492 2051 663 2118 incertiora
683 2052 742 2116 illa
764 2049 961 2117 omittamus:
983 2056 1129 2137 spectant
1151 2051 1193 2117 ad
1215 2071 1281 2169 ge-

131 2155 292 2221 mellam
316 2153 511 2234 quandam
534 2152 658 2218 huius
688 2170 844 2235 quoque
873 2171 1044 2218 scaenae
1072 2152 1282 2219 recensio·

131 2277 221 2323 nem
243 2274 354 2322 uersus
377 2257 447 2339 Vb,
464 2258 602 2338 16-21;
626 2249 753 2320 uersum
777 2257 883 2318 autem
910 2257 948 2317 16
910 2253 1055 2317 lhunc
1077 2251 1165 2318 dico:

168 2405 259 2460 ANT:
282 2405 321 2459 Et
337 2405 402 2460 mihi
420 2405 528 2475 quidem
545 2404 645 2459 minam
662 2403 774 2472 argenti.
809 2400 894 2458 LYc:
920 2401 1001 2457 Sume
1018 2401 1081 2457 hinc
1099 2402 1163 2470 quid
1180 2402 1263 2468 lubet,

131 2579 228 2642 quem
250 2560 284 2624 15
305 2561 335 2626 Α
364 2559 516 2626 omissum
540 2559 720 2649 Geppertus
748 2577 884 2641 eumque
911 2559 1037 2626 secutus
1058 2558 1223 2643 Hesperus
1248 2558 1281 2623 in

130 2660 337 2728 adnotatione
352 2666 477 2725 tantum
488 2661 672 2742 attulerunt,
688 2680 760 2727 oum
774 2661 990 2745 perspicerent
1006 2667 1037 2726 et
1051 2660 1183 2726 hunc‘et
1196 2680 1227 2726 5.
1241 2662 1281 2722 22

128 2783 194 2829 555
213 2763 291 2828 ferri
311 2782 375 2828 non
397 2779 500 2846 posse.
545 2761 588 2826 At
610 2782 651 2828 ne
674 2761 714 2827 de
738 2759 916 2828 ludibunda
945 2761 1144 2843 grammatici
1173 2762 1281 2828 neseio

130 2864 221 2930 55155
237 2863 343 2948 555115
359 2863 489 2946 cogites,
512 2869 623 2947 specta
640 2862 877 2944 subsequentia
910 2862 1011 2928 Versu
1034 2861 1118 2927 enim
1143 2865 1180 2927 18
1196 2862 1281 2946 Ago-

22 2958 29 2965 ’
128 2964 276 3031 rastoclis
299 2965 441 3049 Lycique
464 2963 576 3030 credas
599 2964 840 3032 altercationem
861 2962 983 3029 linitam
1012 2981 1098 3029 esse:
1128 2961 1181 3028 hic
1209 2982 1281 3030 cou-

127 3065 289 3134 dicionem
311 3065 452 3150 accepit,
481 3065 537 3131 ille
565 3066 726 3151 51555155,
755 3073 789 3134 51
817 3065 945 3133 uidetur
972 3071 1071 3147 certe,
1106 3065 1152 3128 Ite
1180 3065 1282 3149 iuquit

129 3169 256 3250 151555
277 3169 379 3232 inno:
407 3168 473 3233 iam
496 3188 525 3232 5.
548 3169 671 3249 22555.
694 3168 878 3236 'absolutam
907 3187 974 3233 rem
996 3186 1041 3258 ac
1068 3166 1124 3233 uix
1153 3167 1282 3237 demum

127 3270 273 3335 relictam
294 3268 410 3335 iterum
432 3267 564 3352 suscipit
586 3269 765 3352 acriterque
786 3271 818 3336 15
841 3270 988 3336 lenonem
1009 3269 1154 3335 15555155
1177 3269 1282 3337 denuo
1397 3268 1399 3270 ’

128 3370 246 3457 5551511
261 3389 333 3436 cum
349 3390 388 3436 55
402 3369 538 3450 litigare.
572 3371 744 3438 Praeterea
762 3392 813 3437 me
835 3390 897 3437 uon
920 3370 1107 3451 intellegere
1130 3370 1282 3439 confiteor
1356 3447 1359 3455 ,

125 3491 269 3555 eausam,
293 3491 348 3537 cur
361 3471 427 3536 iam
441 3492 473 3537 u.
488 3474 526 3535 19
543 3472 692 3540 mulieres
707 3472 790 3539 intro
805 3473 979 3554 mittantur,
1002 3492 1058 3538 cur
1079 3490 1108 3538 5.
1125 3474 1162 3536 21
1189 3473 1282 3542 miles

127 3573 317 3640 Hannonem
332 3574 441 3640 ualere
456 3572 575 3658 iubeat,
597 3574 659 3640 nisi
674 3593 811 3641 scaenae
828 3572 901 3663 linis
922 3573 987 3638 iam
1010 3574 1131 3640 aderat
1169 3577 1282 3657 Neque

127 3673 300 3755 quicquam
329 3674 472 3759 profecto
494 3711 536 3720 -—
558 3674 717 3756 siquidem
746 3675 917 3742 retinemus
946 3694 1074 3743 uersum
1100 3680 1138 3740 16
1160 3711 1201 3722 -
1223 3677 1281 3740 im-

126 3774 234 3860 pedit,
265 3776 434 3856 quominus
456 3775 565 3842 statim
587 3782 739 3857 sequatur
760 3798 790 3844 u.
815 3780 855 3841 29
881 3775 994 3863 (paulo
1017 3777 1139 3844 scilicet
1161 3775 1282 3842 autad

125 3875 190 3942 hoc
207 3877 407 3962 exemplum:
430 3877 481 3939 Mi
488 3878 615 3961 pdtrad,
637 3898 770 3962 sequere
791 3876 883 3964 (boc)
905 3879 1001 3952 15155,
1024 3887 1060 3939 ot
1072 3865 1281 3959 bancscslcim

125 3975 209 4040 diem
224 3983 281 4044 551
295 3977 441 4045 similiter
456 3977 687 4064 immutandus)
700 4000 765 4047 una
780 4000 851 4047 cum
865 3978 1019 4064 proximis
1034 3977 1087 4044 uel
1103 3977 1281 4048 5111555515

127 4079 184 4160 551
206 4077 322 4145 similis
344 4080 532 4163 argumenti,
556 4081 671 4163 quibus
692 4080 749 4148 fiat
770 4081 901 4148 tabulae
924 4079 1093 4147 conclusio.
