3092 4756
334 317 378 370 De
394 317 561 374 Bacchidem
578 315 720 373 Plautinae
736 321 929 378 retractatione
946 325 1080 382 scaenica.
1219 327 1279 386 155

152 500 199 566 iat
216 500 310 568 oratio
330 491 616 571 admirationisque
643 489 847 575 significatio,
876 493 948 577 ipsa
975 493 1133 566 sententia
1159 501 1189 568 si
1215 523 1280 569 non

152 600 291 686 flagitare,
312 603 446 668 atcerte
461 591 685 660 commendare
700 590 883 660 uidebatur:
906 614 970 676 quo
987 598 1058 665 loco
1073 620 1146 666 cnm
1161 602 1280 670 omissa

150 710 220 768 esset
240 703 363 785 notula,
393 717 476 783 quae
498 698 706 777 sequerentur
727 693 879 780 deinceps
908 717 1019 764 omnes
1041 719 1062 766 a
1082 702 1279 771 rubricatore

146 804 302 886 permutari
323 815 521 880 consequens
542 795 611 879 fuit,
638 794 745 875 quoad
766 815 796 862 u.
815 800 895 861 1129
918 797 1018 866 inuito
1039 819 1118 868 sano
1137 803 1278 888 librario,

143 905 188 986 qni
202 905 336 972 oscitans
351 905 466 969 iterum
481 903 589 964 notam
605 917 739 964 exarare
759 899 913 982 neglexit,
935 919 1022 968 error
1043 921 1149 970 erroro
1171 904 1277 970 subla-

142 1011 184 1070 tne
202 1005 416 1089 pristinasque
438 1001 516 1068 ordo
538 999 703 1065 restitutus
725 1004 784 1066 est.

213 1106 302 1185 Quae
327 1102 457 1186 quidem
477 1106 587 1167 nostra
608 1098 788 1167 distributio
810 1108 977 1186 praeterea
998 1112 1075 1191 apta
1097 1112 1146 1173 est
1168 1126 1208 1173 ex
1231 1108 1276 1174 in-
1304 1125 1308 1138 ·

137 1212 219 1274 terna
246 1205 389 1290 quadam
417 1203 540 1270 ratione
568 1208 665 1282 atque
698 1222 737 1269 ea
765 1202 893 1285 quidem
922 1205 1087 1287 aliquanto
1116 1210 1278 1294 grauiore:

135 1327 209 1390 quae
230 1309 339 1392 posita
361 1311 409 1372 cst
431 1324 504 1371 eum
524 1302 649 1386 inipso
672 1303 865 1371 alternorum
886 1325 1067 1376 sermonum
1090 1317 1276 1394 argumento

134 1410 380 1489 necessariisque
402 1404 665 1486 successionibus,
688 1411 755 1470 tum
776 1406 809 1470 in
830 1405 987 1490 ingenii
1010 1407 1275 1498 diuersitate,

134 1532 191 1594 qua
204 1511 288 1576 duae
304 1509 388 1575 iuter
409 1526 443 1573 ee
464 1505 616 1572 differant
638 1525 772 1572 sorores.
805 1505 895 1586 Quae
918 1510 1021 1590 qualis
1043 1511 1085 1576 sit
1106 1514 1184 1579 satis
1206 1536 1276 1600 per·

132 1613 234 1696 spicue
250 1633 292 1678 ex
308 1611 413 1695 prima
427 1607 520 1673 huius
534 1606 665 1673 fabulae
680 1626 797 1674 scaena
812 1609 1026 1692 cognoscitur:
1042 1611 1158 1680 eodem
1169 1620 1277 1682 autem

130 1713 218 1779 modo
233 1712 268 1778 in
281 1712 346 1778 hac
361 1715 506 1776 extrema
519 1727 662 1773 sororum
681 1713 789 1793 partes
811 1710 894 1776 inter
916 1729 951 1787 se
974 1712 1126 1797 distingui
1149 1722 1180 1782 et
1202 1735 1277 1783 con·

129 1821 312 1881 sentaneum
333 1816 403 1878 erat
424 1828 529 1890 neque
551 1809 612 1876 hoc
633 1809 667 1875 iu
688 1829 806 1891 genere
834 1814 980 1895 peccauit
1007 1820 1199 1884 retractatae
1229 1838 1275 1884 re·

128 1914 282 1982 censionis
304 1916 424 1979 auctor.
467 1911 603 1977 Bacchis
626 1910 711 1977 enim
733 1914 846 1980 mirum
868 1921 987 1995 quanto
1015 1919 1153 1986 alacrior
1174 1927 1223 1988 est
1244 1926 1277 1988 et

127 2015 254 2098 agilior:
282 2013 379 2080 buius
402 2018 451 2080 est
472 2011 613 2095 arripere
636 2031 795 2094 quamque
822 2016 1022 2085 occasionem
1051 2028 1147 2103 atquo
1178 2023 1276 2090 etiam

127 2135 205 2197 quae
220 2115 362 2183 aduersa
376 2115 479 2198 primo
494 2114 607 2180 obtutu
622 2114 790 2181 uideantur
804 2116 838 2180 in
852 2137 944 2183 suum
966 2129 1150 2189 conuertere
1173 2145 1275 2192 usum.

126 2216 312 2283 Difficiliore
336 2214 476 2299 quadam
496 2220 610 2282 natura
631 2215 834 2300 tardioroque
856 2217 984 2300 ingenio
1007 2220 1104 2287 Soror
1127 2224 1276 2306 praedita

126 2325 290 2385 cunctatur
319 2324 547 2400 grauabuque:
579 2315 654 2381 huic
684 2318 848 2401 conuenit,
882 2339 954 2386 cum
983 2321 1126 2388 nondum
1146 2324 1276 2392 ,sentiat

125 2428 219 2500 qnam
233 2419 398 2486 luculenta
412 2419 494 2485 ultro
510 2435 582 2484 sese
597 2416 711 2484 offerat
726 2419 960 2489 lucrifaciendi
975 2424 1111 2511 occasio,
1133 2428 1275 2495 abnuere

124 2522 223 2603 primo
245 2520 414 2586 consilium
436 2518 637 2586 aBacehide
659 2522 856 2606 propositum
879 2545 982 2608 neque
1005 2527 1175 2610 quoquam
1196 2551 1274 2617 prae
1389 2599 1393 2608 ἐ

123 2639 156 2687 so
177 2624 263 2688 ferre
285 2621 348 2687 nisi
369 2620 510 2688 taedium
531 2619 758 2703 fastidiumque
769 2625 801 2706 1).
846 2625 936 2703 Quae
959 2628 987 2693 si
1009 2631 1274 2717 consideraueris,

122 2722 184 2787 iam
206 2723 377 2804 intelleges
399 2719 491 2788 unice
512 2720 556 2786 ad
578 2721 703 2788 sororis
724 2741 894 2806 personam
923 2733 999 2810 apta
1026 2747 1097 2795 esse
1123 2749 1206 2812 quae
1229 2734 1272 2800 le-

121 2831 237 2905 gantur
251 2843 283 2888 u.
299 2827 388 2905 1124,
409 2825 469 2887 rico
485 2823 588 2888 minus
604 2841 753 2890 uersuum
772 2829 853 2892 1129
869 2831 901 2893 et
919 2831 998 2892 1140
1017 2829 1138 2912 priores
1153 2839 1271 2915 partes.

205 2923 356 2989 Ceterum
379 2920 537 2989 excidisse
559 2944 715 3007 personae
736 2932 844 2994 notam
867 2928 963 2993 etiam
985 2929 1018 2996 in
1040 2930 1146 2997 medio
1176 2952 1273 3001 uersu

124 3028 203 3088 1123
227 3025 300 3108 ipsa
316 3023 437 3091 Veteris
452 3022 609 3107 scriptura
631 3025 800 3095 ostendere
821 3028 925 3095 uideri
946 3036 1061 3117 potest,
1084 3053 1167 3118 quae
1189 3035 1274 3104 banc

120 3123 220 3191 babet
241 3125 396 3208 speeiem:

258 3239 363 3294 Dormit
381 3257 462 3308 quom
530 3243 581 3297 bae
591 3201 694 3313 llleunt
711 3247 752 3302 sic
769 3263 786 3302 a
804 3264 874 3316 pecu
892 3248 1037 3304 balitantes
1058 3259 1066 3318 ;

119 3356 204 3424 unde
226 3358 313 3426 haud
334 3361 442 3446 inepte
464 3363 602 3429 conicias
627 3365 661 3431 in
688 3368 863 3452 archetypo
892 3367 1055 3433 exstitisse
1082 3370 1149 3459 tale
1177 3372 1271 3454 quid:

701 3565 704 3572 ,
800 3499 886 3552 BAC:
904 3498 1004 3553 Pastor
1021 3498 1118 3558 harum

256 3575 372 3631 Dormit.
395 3570 491 3635 ¹SOR:
512 3580 612 3650 adum?
646 3583 730 3638 BAO:
751 3585 817 3637 eunt
834 3597 851 3636 a
868 3595 939 3651 pecu
957 3583 997 3638 sic
1014 3587 1140 3655 palantes
1158 3600 1167 3660 ;

120 3695 207 3779 quod
229 3717 287 3781 per
309 3671 668 3785 uanas'daprauationis
690 3703 809 3788 gradus
832 3704 951 3774 abiisse
972 3707 1005 3775 in
1027 3708 1118 3792 illud,
1141 3711 1270 3790 quodB
1333 3793 1334 3800 ἵ

119 3796 259 3864 exhibet.
292 3800 431 3869 Maximo
446 3804 530 3870 enim
546 3808 596 3874 est
616 3823 634 3869 e
657 3807 849 3874 comicorum
871 3808 1097 3877 consuetudine
1113 3809 1271 3879 eiusmodi

118 3897 205 3964 iocos
220 3899 367 3984 aliasque
382 3905 556 3971 sententias
571 3904 718 3972 absolute
737 3909 841 3993 primo
863 3929 1056 3996 proponere:
1078 3914 1192 3994 postea
1215 3911 1270 3983 de-

205 4055 230 4114 1)
249 4049 375 4105 Similiter
392 4053 537 4108 animatam
554 4055 601 4111 illa
618 4070 648 4112 se
665 4058 782 4113 ostendit
799 4077 826 4114 u.
847 4065 920 4115 1152.
