3092 4756
234 333 298 396 172
626 332 804 388 Guultharins
822 333 995 388 Brachmann

234 527 310 574 num
332 526 408 573 uere
431 505 581 573 salutaris
603 504 835 590 Ritschelius1)
865 503 939 570 huic
962 522 1078 570 causae
1101 501 1261 569 exstiterit
1282 509 1397 588 patro·

234 627 303 674 nus.
349 607 478 691 Omitto,
502 608 589 690 quod
611 607 709 675 etiam
730 607 857 690 aegrius
879 606 924 672 sic
953 605 1108 689 accipitur
1129 605 1293 678 simillima
1314 626 1393 673 sen·

235 709 405 776 tertiarum
428 710 460 775 in
484 730 534 776 uu.
549 709 643 774 XXV
659 716 692 776 et
705 708 829 774 XXVII
845 706 1071 774 conformatio:
1086 706 1199 774 omitto
1214 705 1294 773 illud
1310 725 1393 788 quo·

235 829 307 893 que,
331 810 417 892 quod
438 811 508 896 ipse
530 832 560 877 u.
572 811 681 878 XXVI
703 811 801 875 etiam
822 808 855 874 in
877 808 965 875 exitu
987 828 1134 892 scaenae,
1157 826 1221 890 quo
1237 828 1308 876 eum
1324 813 1394 874 ret-

235 912 309 978 tulit
336 913 544 998 Ritschelius,
577 912 750 980 redundat:
779 910 903 995 respice
931 911 975 976 sis
1005 929 1131 978 mecum
1160 909 1393 978 reconditiores

235 1014 376 1097 ipsorum
399 1016 632 1082 enuntiatorum
653 1013 811 1094 rationes3
835 1030 918 1094 quae
942 1010 1089 1095 quidem,
1112 1011 1140 1078 si
1162 1030 1182 1076 a
1203 1011 1317 1077 Plauto
1340 1011 1392 1077 ita

235 1116 415 1199 composita
435 1117 508 1199 sint,
531 1113 726 1182 credendum
748 1118 797 1181 est
818 1134 881 1180 uon
895 1111 1026 1179 fortuito
1042 1118 1217 1179 externoue
1232 1112 1391 1180 contineri

235 1216 372 1299 uinculo,
394 1216 452 1284 red
473 1223 541 1284 arte
564 1225 597 1284 ct
617 1215 750 1284 consilio
772 1215 948 1295 intimaque
971 1213 1111 1296 quadam
1132 1213 1308 1280 sententiae
1330 1235 1390 1282 ne-

238 1317 390 1384 cessitate
412 1319 494 1384 inter
516 1338 551 1384 se
573 1338 659 1386 nexa
681 1337 752 1384 esse
768 1317 864 1398 atque
885 1316 931 1380 ita
954 1335 994 1382 ex
1016 1315 1080 1381 alio
1103 1315 1192 1381 aliud
1214 1321 1332 1400 aptum,
1353 1324 1393 1385 ut

234 1418 315 1484 nihil
338 1418 449 1485 inutile
473 1418 603 1503 dictum,
625 1419 704 1486 nihil
727 1439 790 1508 non
812 1437 869 1485 suo
892 1419 962 1484 loco
984 1417 1123 1503 positum
1145 1416 1302 1514 uideatur.

322 1520 444 1600 Quodsi
466 1519 613 1588 uidemus
634 1521 666 1587 in
688 1521 738 1609 iis,
762 1540 845 1603 quae
867 1520 1068 1601 antecedunt,
1091 1519 1263 1603 plurimum
1277 1520 1391 1588 ualere
1472 1507 1476 1514 ¹

235 1642 340 1689 rerum
362 1609 596 1707 inopinatarum
619 1643 691 1690 cum
720 1619 957 1688 multitudinem
986 1625 1053 1686 tum
1082 1621 1294 1705 celeritatem,
1323 1641 1392 1705 qua

213 1793 216 1802 ,
236 1725 435 1809 opprimatur
455 1724 665 1809 imprudentis
679 1723 805 1790 animus
821 1722 955 1806 ipsaque
969 1727 1220 1808 praeoccupetur
1235 1724 1391 1806 quodam·

236 1827 331 1894 modo
358 1825 527 1909 cogitatio,
556 1846 628 1892 cum
656 1824 797 1905 undique
824 1828 953 1907 praeter
981 1826 1251 1909 exspectationem
1281 1827 1391 1894 omnia

235 1928 270 1992 in
293 1947 366 1994 eum
387 1927 541 1993 inuadere
563 1926 746 1993 uideantur:
775 1925 986 1992 suauissimae
1007 1925 1179 1994 Bacchidis
1202 1928 1390 2011 blanditiae,

235 2028 352 2108 quibus
374 2026 590 2094 obtunduntur
611 2028 711 2112 ipsius
733 2027 853 2110 minae;
883 2025 979 2092 amici
1007 2027 1140 2095 uixdum
1168 2028 1211 2094 ad
1231 2030 1391 2113 proelium

236 2148 309 2197 sere
332 2130 533 2215 expedientis
555 2129 772 2214 turpissimum
793 2128 1014 2211 transfugium,
1038 2148 1101 2211 qno
1116 2117 1301 2214 percellitur
1321 2133 1392 2204 ani-

236 2251 323 2316 mus,
346 2232 416 2299 auri
437 2231 646 2315 recuperandi
668 2229 897 2297 iucundissima
924 2227 1014 2314 spes,
1046 2231 1174 2313 quaed
1197 2238 1319 2299 ceteros
1341 2232 1391 2298 in-

239 2333 423 2418 dulgentiae
439 2353 586 2400 suasores
601 2333 634 2399 in
648 2333 748 2425 ipsius
763 2336 892 2416 pectore
911 2329 1097 2399 adsciscitur
1112 2333 1265 2400 auaritia:
1289 2335 1391 2416 quid?

237 2455 309 2500 cum
332 2433 383 2499 his
405 2433 552 2500 omnibus
573 2437 704 2516 paratus
728 2438 760 2498 et
780 2432 845 2497 iam
868 2449 971 2514 paene
987 2437 1097 2517 captus
1112 2434 1154 2500 sit
1169 2434 1237 2501 cius
1251 2436 1391 2519 animus,

236 2534 408 2600 abhorreat
429 2539 538 2626 tamen
560 2532 645 2614 quod
667 2531 798 2617 pudoris
820 2532 853 2598 in
876 2551 914 2598 eo
936 2532 1081 2601 relictum
1103 2535 1146 2601 sit
1155 2535 1182 2619 2)
1203 2537 1300 2604 afilii
1317 2558 1391 2605 cum

235 2640 340 2702 scorto
362 2634 548 2702 accubantis
570 2634 739 2719 adspectu:
768 2654 844 2700 num
874 2639 993 2701 temere
1016 2635 1119 2702 credis
1141 2636 1188 2703 ita
1209 2658 1277 2704 rem
1299 2639 1390 2706 insti·

236 2743 339 2804 tutam
361 2756 441 2820 esse,
464 2744 498 2803 ut
518 2737 625 2804 subito
648 2742 733 2803 totus
748 2739 967 2802 consternatur
986 2736 1096 2804 fucata
1109 2742 1206 2822 atque
1220 2740 1390 2827 impuden-

235 2840 361 2906 tissima
383 2838 559 2905 meretricis
581 2837 796 2922 simplicitate,
819 2857 891 2904 cum
913 2838 954 2905 de
975 2837 1042 2906 lilio
1057 2839 1122 2905 iam
1137 2861 1201 2908 uon
1215 2841 1270 2926 agi
1292 2842 1391 2929 dicat,
1508 2871 1512 2889 ¹

235 2941 333 3008 immo
356 2960 427 3008 cum
441 2940 512 3025 ipso
528 2958 604 3006 sene
625 2959 696 3006 sese
712 2938 930 3005 accubituram
946 2938 1038 3005 esse?
1059 2941 1110 3006 Ita
1123 2941 1189 3026 ille,
1205 2942 1281 3010 dum
1296 2946 1392 3029 quasi

235 3042 279 3108 ad
307 3043 547 3127 propugnacula
575 3035 609 3107 s'e
639 3046 732 3126 parat
761 3039 979 3123 defendenda,
1008 3039 1076 3107 iam
1102 3041 1144 3109 de
1171 3044 1241 3129 ipso
1269 3045 1389 3132 oppido

235 3141 431 3208 miserrimus
453 3148 614 3208 certamen
638 3161 708 3208 esse
731 3140 828 3207 uidet.
872 3140 971 3224 Atqui
1000 3141 1082 3210 hanc
1112 3145 1165 3212 uel
1188 3148 1388 3215 Plautinissi-

235 3263 321 3310 marn
342 3262 493 3310 uersuum
507 3243 632 3309 XXVII
643 3262 690 3325 sq.
706 3240 913 3310 festiuitatem
935 3253 1038 3314 noune
1053 3253 1188 3332 apparet
1203 3247 1318 3316 misere
1332 3249 1390 3317 de·

234 3345 320 3410 trabi
348 3365 405 3412 seu
432 3344 539 3431 potius
566 3345 663 3430 plane
692 3343 865 3425 exstingui,
895 3346 922 3411 si
951 3367 1163 3434 praepropere
1191 3348 1389 3420 Philoxenus

235 3445 371 3514 eandem
393 3447 482 3512 illam
505 3467 572 3513 rcm
595 3445 686 3531 quasi
708 3444 884 3530 praeripiat
906 3467 936 3513 u.
959 3449 1089 3516 XXIV?

320 3546 405 3630 Ergo
428 3547 638 3615 Ritschelium
660 3567 775 3616 censeo
798 3547 913 3616 iniuria
933 3570 1060 3618 uersum
1082 3552 1192 3618 XXVI
1214 3572 1254 3619 ex
1278 3571 1389 3620 eorum
1499 3565 1518 3610 Ἀ

324 3734 348 3797 1)
365 3726 436 3785 Nam
453 3729 544 3799 quella
561 3729 616 3785 sint
633 3735 661 3785 et
677 3730 826 3786 Hermanni
843 3737 870 3788 et
887 3733 1006 3803 Ussingii
1024 3739 1188 3802 commenta,
1214 3722 1291 3804 quae*
1309 3733 1389 3790 attuli

236 3815 266 3870 in
282 3815 345 3871 adn.
364 3815 432 3884 crit,
451 3814 635 3884 unusquisque
653 3815 733 3870 facile
750 3816 888 3872 iudicabit.
944 3885 947 3892 Ι

322 3904 348 3967 2)
366 3900 510 3955 Praeclare
523 3898 557 3955 ad
569 3898 692 3954 ultimum
708 3906 843 3956 certamen
861 3902 939 3958 enixe
958 3903 1042 3959 omnis
1059 3903 1131 3959 uires
1150 3902 1320 3973 corripientis
1338 3901 1386 3957 ad-

1 4041 8 4048 ,
119 4047 121 4052 ¹
235 3983 338 4038 lectum
355 3986 481 4054 exprimit
498 3983 634 4046 concitata
652 3983 830 4056 abruptorum
848 3987 1029 4044 membrorum
1046 3987 1207 4058 cumulatio,
1231 4002 1300 4057 quae
1317 3986 1389 4042 inest

235 4068 264 4122 in
281 4085 307 4122 n.
325 4067 414 4123 XXII.
