3080 4748
134 2421 144 2448 Χ

674 323 849 380 Gualtharius
868 323 1040 380 Brachmunn

568 545 812 615 Bacchidum
841 546 1044 630 specimen
1072 545 1124 611 IV.

680 673 726 714 scr.
740 669 768 713 ιιι
787 671 847 713 sse
868 681 889 712 u.
907 671 1013 712 ιι-ιι.

356 787 376 866 ξ
399 789 448 853 20.
484 785 533 850 Ex
549 785 663 869 quibus
679 803 773 850 unum
789 802 886 868 supra
908 782 1070 866 attigimus
1092 780 1124 862 (ἓ
1140 779 1184 866 3),
1206 784 1312 866 locum
1335 783 1435 850 illum

273 888 411 956 maxime
432 887 616 970 notabilem,
640 906 733 969 quem
756 885 820 950 iam
845 883 1007 951 Charisius
1031 889 1165 950 testatur
1187 904 1208 948 a
1230 885 1434 966 quibusdam

272 991 362 1056 libris
384 991 514 1056 abesse:
539 1007 636 1070 quam
659 985 787 1068 quidem
811 984 1041 1070 exemplarium
1064 985 1283 1051 Plautinorum
1306 985 1432 1053 discre-

271 1091 415 1178 pantiam
431 1089 508 1156 satis
522 1088 687 1170 antiquam
702 1105 840 1170 aequare
856 1107 937 1172 eam,
961 1107 1044 1170 quae
1060 1087 1232 1153 etiamnum
1254 1087 1432 1154 intercedit

271 1193 354 1259 inter
382 1189 583 1256 recensiones
613 1209 696 1274 quae
726 1188 874 1257 dicuntur
896 1189 1077 1256 Palatinam
1107 1193 1140 1253 et
1167 1189 1428 1274 Ambrosianam,

271 1293 430 1359 luculento
448 1290 531 1358 Guil.
545 1290 810 1358 Studemundi
828 1288 1040 1373 testimoul01)
1061 1290 1288 1375 comperimus:
1312 1311 1428 1358 uersus

271 1394 342 1460 dico
367 1397 544 1459 sle-551.

355 1495 512 1576 Equidem
528 1514 604 1562 uero
620 1515 675 1562 cur
690 1515 761 1561 eum
773 1493 992 1562 Studemundo
1007 1493 1207 1562 retractaturi
1221 1493 1296 1559 illos
1311 1513 1425 1560 uersus
1458 1491 1463 1500 ’

270 1596 425 1680 tribuam,
455 1618 495 1665 ne
519 1618 585 1664 rem
607 1603 769 1681 peractam
799 1601 969 1662 retractare
998 1596 1125 1680 uidear,
1154 1616 1217 1662 non
1248 1614 1424 1680 exponam:

271 1721 367 1767 unum
383 1704 501 1782 tamen,
523 1698 608 1781 quod
624 1699 678 1763 ille
695 1697 810 1779 omisit,
833 1703 976 1763 anostra
990 1717 1024 1764 rc
1039 1718 1103 1765 non
1123 1698 1261 1764 alienum
1284 1697 1421 1765 uidetur.

273 1801 473 1885 Conspicitur
495 1799 578 1866 enim
601 1817 678 1864 cura
699 1796 866 1864 imitatoris
888 1798 974 1864 illius
996 1800 1145 1866 Plautina
1169 1799 1323 1866 facilitate
1347 1801 1421 1866 arti-

269 1901 440 1984 ficiosiorq
455 1902 487 1966 iu
504 1919 551 1982 eo,
568 1899 653 1984 quod
669 1898 860 1982 elegantiam
876 1900 1035 1983 quandam
1052 1899 1225 1967 adfectauit
1240 1901 1350 1967 uerbis
1365 1923 1422 1987 per

270 2002 500 2086 oppositionem
516 2001 659 2085 prolatis,
684 2001 771 2068 culus
786 1999 906 2084 figurae
922 2002 1083 2068 cumulata
1097 2001 1130 2067 iu
1145 2002 1256 2087 paucis
1275 2003 1421 2069 uersibus

270 2104 419 2188 exempla
441 2103 521 2170 haec
540 2102 656 2170 habes:
671 2101 759 2186 salsi
771 2141 812 2150 —
818 2105 1024 2188 fulcimeniis,
1048 2103 1210 2167 r'ouirleuot
1222 2140 1264 2150 -—
1280 2103 1420 2166 inuidea-

269 2216 330 2282 tur,
356 2227 399 2267 co
424 2207 545 2290 r'openr'o
568 2205 651 2269 molo
667 2241 707 2251 -
723 2207 836 2269 molum
858 2208 1026 2279 inocm'unt,
1051 2209 1144 2270 amici
1156 2243 1196 2252 -
1212 2205 1364 2280 inimicos,
1388 2227 1420 2268 sc

259 2308 429 2396 frustrarat
443 2345 484 2354 —
497 2307 660 2388 frustrari
672 2307 752 2369 ulios
773 2305 826 2389 (cf.
842 2327 872 2373 u.
890 2311 967 2372 542:
990 2308 1095 2391 linqua
1110 2345 1151 2354 —
1168 2305 1289 2391 opero).
1329 2307 1419 2374 Oete·

263 2429 336 2492 rum
359 2429 417 2490 per
439 2428 474 2473 se
496 2415 562 2472 tam
586 2407 660 2473 boni
682 2414 755 2472 sunt
778 2407 810 2472 hi
832 2408 996 2492 uersiculi,
1027 2416 1146 2476 utnon
1172 2408 1347 2488 uerendum
1379 2409 1419 2474 sit

267 2508 401 2602 nequis
423 2507 628 2583 grammatico
652 2507 704 2571 uel
726 2506 808 2574 adeo
831 2508 960 2576 librario
984 2512 1079 2577 alicui
1102 2530 1157 2576 cos
1180 2510 1308 2577 tribuat.

352 2608 488 2690 Tamen,
519 2608 546 2672 si
569 2607 602 2672 in
624 2605 1085 2679 sententiarumnexum
1113 2612 1210 2697 paulo
1240 2614 1416 2679 accuratius
1514 2611 1515 2632 ¹

267 2709 464 2793 inquirimus,
489 2709 529 2776 de
544 2709 669 2776 duobus
684 2711 981 2797 uersibussuspioio
1004 2714 1172 2780 suboritur.
1208 2713 1311 2779 Versu
1334 2717 1415 2782 enim

267 2817 328 2878 546
352 2833 423 2880 oum
446 2814 659 2881 Mnesilochus
681 2815 900 2900 suppleturus,
931 2811 1016 2898 quod
1044 2815 1293 2900 praetermiserit
1315 2817 1415 2883 Pisto·
1514 2883 1515 2888 ,

267 2916 386 3000 clerus,
413 2916 513 2982 addat
535 2917 697 3001 improbos
720 2918 840 2983 amieos
863 2909 1098 2998 quodammodo
1121 2936 1241 3000 poenas
1263 2918 1415 3002 perfidiae

266 3016 437 3082 soluendas
452 3018 515 3082 sibi
531 3017 727 3098 contrahere,
751 3017 888 3082 omnium
904 3017 1056 3085 uidelicet
1072 3017 1180 3085 odium
1196 3026 1293 3100 atque
1314 3020 1414 3086 inimi-

266 3117 389 3182 citiam:
418 3116 518 3197 quid?
540 3136 644 3184 nonne
666 3117 898 3183 incommodum
923 3139 963 3186 ex
984 3119 1056 3202 ipsa
1076 3120 1199 3186 inuidia
1222 3127 1330 3188 natum
1353 3143 1416 3189 nou

266 3217 379 3299 simile,
401 3217 560 3284 sedidem
583 3219 650 3283 iere
672 3216 736 3282 iam
752 3217 944 3304 Pistoclerus
967 3229 1271 3289 commemorauerat
1293 3244 1323 3289 u.
1341 3229 1417 3288 544:

452 3350 565 3406 sibimet
583 3365 616 3405 ue
634 3348 794 3416 insideatur,
812 3351 864 3419 ipsi
882 3352 991 3420 ignauia
1009 3355 1082 3408 recte
1101 3355 1228 3409 canent?

265 3471 355 3551 Quae
371 3471 509 3556 suspicio
525 3473 638 3539 mirum
655 3478 807 3554 quantum
831 3480 965 3556 augetur
987 3495 1034 3558 eo,
1059 3473 1145 3558 quod
1168 3474 1219 3541 hio
1242 3493 1338 3557 quem
1360 3497 1415 3543 ex-

265 3574 437 3660 pressimus
453 3593 562 3640 uersus
578 3573 735 3641 editorum
750 3574 878 3642 demum
895 3575 976 3642 euris
992 3575 1142 3643 debetur:
1164 3597 1223 3644 nec
1237 3577 1322 3643 enim
1346 3599 1414 3646 ucr-

265 3696 319 3743 sus
343 3680 399 3759 est,
423 3673 532 3757 quiin
555 3675 644 3740 libris
666 3683 785 3742 exstat:

1167 3775 1174 3787 1

503 3807 560 3862 Sibi
578 3821 611 3862 ne
629 3807 790 3877 inuideatur,
809 3809 862 3878 ipsi
878 3808 970 3876 ignaui
988 3814 1060 3864 reete
1079 3814 1178 3864 canent
1274 3806 1277 3810 ’

267 3914 468 3924 Q*—

337 3981 360 4042 l)
378 3977 524 4047 Feriarum
537 3994 574 4033 aa
588 3976 632 4032 die
644 3976 832 4049 Weirzbarper
842 3977 1205 4051 Philolopcoocrsammluop
1218 3982 1283 4035 1368
1294 3997 1320 4050 p.
1332 3985 1365 4035 42
1374 3997 1413 4052 sq.

328 4064 359 4133 2)
378 4060 419 4115 cf.
437 4061 577 4124 Bitschelii
595 4060 789 4132 praefationem
808 4063 921 4119 Mercal.
939 4081 966 4132 p.
984 4064 1031 4118 IX.
