<?xml version="1.0" encoding="UTF-8"?>
<!DOCTYPE html PUBLIC "-//W3C//DTD XHTML 1.0 Transitional//EN"
    "http://www.w3.org/TR/xhtml1/DTD/xhtml1-transitional.dtd">
<html xmlns="http://www.w3.org/1999/xhtml" xml:lang="en" lang="en">
 <head>
  <title>
</title>
<meta http-equiv="Content-Type" content="text/html;charset=utf-8" />
  <meta name='ocr-system' content='tesseract 3.04.00' />
  <meta name='ocr-capabilities' content='ocr_page ocr_carea ocr_par ocr_line ocrx_word'/>
</head>
<body>
  <div class='ocr_page' id='page_1' title='image "./debacchidumplau00bracgoog_0087.png"; bbox 0 0 3092 4756; ppageno 0'>
   <div class='ocr_carea' id='block_1_1' title="bbox 253 305 1011 389">
    <p class='ocr_par' dir='ltr' id='par_1_1' title="bbox 253 305 1011 389">
     <span class='ocr_line' id='line_1_1' title="bbox 253 305 1011 389; baseline -0.018 0"><span class='ocrx_word' id='word_1_1' title='bbox 253 327 314 389; x_wconf 79' lang='lat'>132</span> <span class='ocrx_word' id='word_1_2' title='bbox 642 323 820 380; x_wconf 78' lang='lat' dir='ltr'>Gueltharius</span> <span class='ocrx_word' id='word_1_3' title='bbox 838 305 1011 378; x_wconf 85' lang='lat' dir='ltr'>Brachman&#39;n</span> 
     </span>
    </p>
   </div>
   <div class='ocr_carea' id='block_1_2' title="bbox 151 491 1411 886">
    <p class='ocr_par' dir='ltr' id='par_1_2' title="bbox 151 491 1411 784">
     <span class='ocr_line' id='line_1_2' title="bbox 252 491 1411 582; baseline -0.007 -15"><span class='ocrx_word' id='word_1_4' title='bbox 252 498 371 582; x_wconf 89' lang='lat' dir='ltr'>dentis,</span> <span class='ocrx_word' id='word_1_5' title='bbox 402 495 488 580; x_wconf 90' lang='lat' dir='ltr'>quod</span> <span class='ocrx_word' id='word_1_6' title='bbox 515 497 576 562; x_wconf 88' lang='lat' dir='ltr'>bae</span> <span class='ocrx_word' id='word_1_7' title='bbox 602 497 674 581; x_wconf 90' lang='lat' dir='ltr'>ipsa</span> <span class='ocrx_word' id='word_1_8' title='bbox 702 494 895 580; x_wconf 73' lang='lat' dir='ltr'><strong>loquacitate</strong></span> <span class='ocrx_word' id='word_1_9' title='bbox 924 491 1080 576; x_wconf 85' lang='lat' dir='ltr'>effecerit,</span> <span class='ocrx_word' id='word_1_10' title='bbox 1108 497 1144 558; x_wconf 91' lang='lat' dir='ltr'>ut</span> <span class='ocrx_word' id='word_1_11' title='bbox 1166 509 1281 575; x_wconf 86' lang='lat' dir='ltr'>senex,</span> <span class='ocrx_word' id='word_1_12' title='bbox 1309 493 1411 560; x_wconf 88' lang='lat' dir='ltr'>simul</span> 
     </span>
     <span class='ocr_line' id='line_1_3' title="bbox 151 593 1409 683; baseline -0.007 -14"><span class='ocrx_word' id='word_1_13' title='bbox 151 625 157 634; x_wconf 88' lang='lat'><strong>·</strong></span> <span class='ocrx_word' id='word_1_14' title='bbox 252 602 394 668; x_wconf 86' lang='lat' dir='ltr'>iacturae</span> <span class='ocrx_word' id='word_1_15' title='bbox 408 596 578 666; x_wconf 81' lang='lat' dir='ltr'>formidine</span> <span class='ocrx_word' id='word_1_16' title='bbox 592 597 689 683; x_wconf 85' lang='lat' dir='ltr'>plane</span> <span class='ocrx_word' id='word_1_17' title='bbox 704 601 825 680; x_wconf 85' lang='lat' dir='ltr'>captus,</span> <span class='ocrx_word' id='word_1_18' title='bbox 848 596 901 661; x_wconf 89' lang='lat' dir='ltr'>uel</span> <span class='ocrx_word' id='word_1_19' title='bbox 923 595 965 662; x_wconf 88' lang='lat' dir='ltr'>ab</span> <span class='ocrx_word' id='word_1_20' title='bbox 987 595 1101 662; x_wconf 87' lang='lat' dir='ltr'>umbra</span> <span class='ocrx_word' id='word_1_21' title='bbox 1122 593 1314 678; x_wconf 77' lang='lat' dir='ltr'>suspicionis</span> <span class='ocrx_word' id='word_1_22' title='bbox 1335 594 1409 660; x_wconf 92' lang='lat' dir='ltr'>lon·</span> 
     </span>
     <span class='ocr_line' id='line_1_4' title="bbox 251 693 1319 784; baseline -0.012 -15"><span class='ocrx_word' id='word_1_23' title='bbox 251 701 383 784; x_wconf 70' lang='lat' dir='ltr'>glesim</span> <span class='ocrx_word' id='word_1_24' title='bbox 405 699 500 766; x_wconf 87' lang='lat' dir='ltr'>absit.</span> <span class='ocrx_word' id='word_1_25' title='bbox 1318 693 1319 702; x_wconf 77' lang='grc'>’</span> 
     </span>
    </p>

    <p class='ocr_par' dir='ltr' id='par_1_3' title="bbox 300 795 1409 886">
     <span class='ocr_line' id='line_1_5' title="bbox 300 795 1409 886; baseline -0.006 -16"><span class='ocrx_word' id='word_1_26' title='bbox 300 822 309 840; x_wconf 80' lang='lat'><strong><em>‘</em></strong></span> <span class='ocrx_word' id='word_1_27' title='bbox 337 802 431 871; x_wconf 89' lang='lat' dir='ltr'>Unde</span> <span class='ocrx_word' id='word_1_28' title='bbox 453 807 603 886; x_wconf 87' lang='lat' dir='ltr'>apparet,</span> <span class='ocrx_word' id='word_1_29' title='bbox 631 799 660 866; x_wconf 89' lang='lat' dir='ltr'>si</span> <span class='ocrx_word' id='word_1_30' title='bbox 682 798 753 882; x_wconf 87' lang='lat' dir='ltr'>quis</span> <span class='ocrx_word' id='word_1_31' title='bbox 775 817 921 866; x_wconf 89' lang='lat' dir='ltr'>resecare</span> <span class='ocrx_word' id='word_1_32' title='bbox 948 795 1027 862; x_wconf 90' lang='lat' dir='ltr'>uelit</span> <span class='ocrx_word' id='word_1_33' title='bbox 1057 813 1265 879; x_wconf 87' lang='lat' dir='ltr'>quaecunque</span> <span class='ocrx_word' id='word_1_34' title='bbox 1294 816 1409 882; x_wconf 86' lang='lat' dir='ltr'>super·</span> 
     </span>
    </p>
   </div>
   <div class='ocr_carea' id='block_1_3' title="bbox 205 895 1421 1891">
    <p class='ocr_par' dir='ltr' id='par_1_4' title="bbox 205 895 1421 1891">
     <span class='ocr_line' id='line_1_6' title="bbox 252 895 1409 982; baseline -0.005 -12"><span class='ocrx_word' id='word_1_35' title='bbox 252 921 396 970; x_wconf 85' lang='lat' dir='ltr'>uacanca</span> <span class='ocrx_word' id='word_1_36' title='bbox 414 902 594 982; x_wconf 90' lang='lat' dir='ltr'>uideantur,</span> <span class='ocrx_word' id='word_1_37' title='bbox 616 900 792 967; x_wconf 91' lang='lat' dir='ltr'>uerendum</span> <span class='ocrx_word' id='word_1_38' title='bbox 814 905 883 966; x_wconf 82' lang='lat' dir='ltr'>esse</span> <span class='ocrx_word' id='word_1_39' title='bbox 905 917 945 963; x_wconf 93' lang='lat' dir='ltr'>ne</span> <span class='ocrx_word' id='word_1_40' title='bbox 968 897 1061 963; x_wconf 90' lang='lat' dir='ltr'>simul</span> <span class='ocrx_word' id='word_1_41' title='bbox 1083 895 1315 980; x_wconf 80' lang='lat' dir='ltr'>propemodum</span> <span class='ocrx_word' id='word_1_42' title='bbox 1337 919 1409 964; x_wconf 91' lang='lat' dir='ltr'>om·</span> 
     </span>
     <span class='ocr_line' id='line_1_7' title="bbox 252 997 1409 1084; baseline -0.004 -13"><span class='ocrx_word' id='word_1_43' title='bbox 252 1024 325 1072; x_wconf 89' lang='lat' dir='ltr'>nem</span> <span class='ocrx_word' id='word_1_44' title='bbox 359 1003 434 1071; x_wconf 88' lang='lat' dir='ltr'>huic</span> <span class='ocrx_word' id='word_1_45' title='bbox 461 1019 599 1069; x_wconf 88' lang='lat' dir='ltr'>scaenae</span> <span class='ocrx_word' id='word_1_46' title='bbox 632 1000 815 1084; x_wconf 81' lang='lat' dir='ltr'>abstergeat</span> <span class='ocrx_word' id='word_1_47' title='bbox 845 997 1092 1066; x_wconf 87' lang='lat' dir='ltr'>urbanissimum</span> <span class='ocrx_word' id='word_1_48' title='bbox 1121 1017 1183 1080; x_wconf 91' lang='lat' dir='ltr'>quo</span> <span class='ocrx_word' id='word_1_49' title='bbox 1214 999 1409 1082; x_wconf 89' lang='lat' dir='ltr'>exsplende-</span> 
     </span>
     <span class='ocr_line' id='line_1_8' title="bbox 252 1099 1421 1182; baseline -0.004 -11"><span class='ocrx_word' id='word_1_50' title='bbox 252 1105 313 1172; x_wconf 88' lang='lat' dir='ltr'>seit</span> <span class='ocrx_word' id='word_1_51' title='bbox 345 1103 524 1170; x_wconf 87' lang='lat' dir='ltr'>eandorem.</span> <span class='ocrx_word' id='word_1_52' title='bbox 579 1102 692 1182; x_wconf 86' lang='lat' dir='ltr'>Itaque</span> <span class='ocrx_word' id='word_1_53' title='bbox 723 1101 842 1167; x_wconf 81' lang='lat' dir='ltr'>inille</span> <span class='ocrx_word' id='word_1_54' title='bbox 874 1099 1063 1166; x_wconf 80' lang='lat' dir='ltr'>narrationis</span> <span class='ocrx_word' id='word_1_55' title='bbox 1090 1104 1183 1181; x_wconf 89' lang='lat' dir='ltr'>parte</span> <span class='ocrx_word' id='word_1_56' title='bbox 1216 1117 1299 1181; x_wconf 90' lang='lat' dir='ltr'>quae</span> <span class='ocrx_word' id='word_1_57' title='bbox 1331 1121 1421 1178; x_wconf 35' lang='lat' dir='ltr'>con-¹</span> 
     </span>
     <span class='ocr_line' id='line_1_9' title="bbox 253 1198 1408 1284; baseline 0 -16"><span class='ocrx_word' id='word_1_58' title='bbox 253 1206 371 1270; x_wconf 89' lang='lat' dir='ltr'>tinetnr</span> <span class='ocrx_word' id='word_1_59' title='bbox 399 1201 545 1269; x_wconf 86' lang='lat' dir='ltr'>uersibus</span> <span class='ocrx_word' id='word_1_60' title='bbox 575 1204 753 1267; x_wconf 76' lang='lat' dir='ltr'>use-293</span> <span class='ocrx_word' id='word_1_61' title='bbox 783 1201 908 1269; x_wconf 89' lang='lat' dir='ltr'>etiamsi</span> <span class='ocrx_word' id='word_1_62' title='bbox 936 1221 1006 1267; x_wconf 90' lang='lat' dir='ltr'>eum</span> <span class='ocrx_word' id='word_1_63' title='bbox 1036 1198 1135 1266; x_wconf 88' lang='lat' dir='ltr'>multo</span> <span class='ocrx_word' id='word_1_64' title='bbox 1164 1199 1278 1266; x_wconf 84' lang='lat' dir='ltr'>latiore</span> <span class='ocrx_word' id='word_1_65' title='bbox 1307 1221 1408 1284; x_wconf 89' lang='lat' dir='ltr'>quarn</span> 
     </span>
     <span class='ocr_line' id='line_1_10' title="bbox 253 1298 1407 1389; baseline -0.001 -18"><span class='ocrx_word' id='word_1_66' title='bbox 253 1322 333 1389; x_wconf 90' lang='lat' dir='ltr'>opus</span> <span class='ocrx_word' id='word_1_67' title='bbox 355 1307 424 1368; x_wconf 89' lang='lat' dir='ltr'>erat</span> <span class='ocrx_word' id='word_1_68' title='bbox 445 1302 619 1386; x_wconf 81' lang='lat' dir='ltr'>Chrysalus</span> <span class='ocrx_word' id='word_1_69' title='bbox 640 1301 738 1369; x_wconf 89' lang='lat' dir='ltr'>utitur</span> <span class='ocrx_word' id='word_1_70' title='bbox 763 1304 932 1370; x_wconf 90' lang='lat' dir='ltr'>uerborum</span> <span class='ocrx_word' id='word_1_71' title='bbox 961 1301 1106 1382; x_wconf 88' lang='lat' dir='ltr'>circuitu,</span> <span class='ocrx_word' id='word_1_72' title='bbox 1136 1304 1202 1366; x_wconf 70' lang='lat' dir='ltr'>mm</span> <span class='ocrx_word' id='word_1_73' title='bbox 1232 1298 1407 1370; x_wconf 89' lang='lat' dir='ltr'>dubitatio-</span> 
     </span>
     <span class='ocr_line' id='line_1_11' title="bbox 205 1399 1408 1489; baseline -0.002 -18"><span class='ocrx_word' id='word_1_74' title='bbox 205 1455 207 1462; x_wconf 88' lang='lat'><em>.</em></span> <span class='ocrx_word' id='word_1_75' title='bbox 253 1426 326 1472; x_wconf 91' lang='lat' dir='ltr'>nern</span> <span class='ocrx_word' id='word_1_76' title='bbox 349 1423 427 1472; x_wconf 86' lang='lat' dir='ltr'>sane</span> <span class='ocrx_word' id='word_1_77' title='bbox 448 1403 575 1470; x_wconf 83' lang='lat' dir='ltr'>adferre</span> <span class='ocrx_word' id='word_1_78' title='bbox 599 1410 734 1489; x_wconf 89' lang='lat' dir='ltr'>possunt</span> <span class='ocrx_word' id='word_1_79' title='bbox 761 1404 861 1471; x_wconf 88' lang='lat' dir='ltr'>uerba</span> <span class='ocrx_word' id='word_1_80' title='bbox 890 1423 969 1488; x_wconf 86' lang='lat' dir='ltr'>qaae</span> <span class='ocrx_word' id='word_1_81' title='bbox 990 1423 1044 1465; x_wconf 79' lang='lat' dir='ltr'>res</span> <span class='ocrx_word' id='word_1_82' title='bbox 1063 1411 1230 1485; x_wconf 78' lang='lat' dir='ltr'>peraretur</span> <span class='ocrx_word' id='word_1_83' title='bbox 1258 1399 1303 1485; x_wconf 90' lang='lat' dir='ltr'>(u.</span> <span class='ocrx_word' id='word_1_84' title='bbox 1328 1405 1408 1486; x_wconf 83' lang='lat'>291)</span> 
     </span>
     <span class='ocr_line' id='line_1_12' title="bbox 251 1503 1406 1590; baseline -0.001 -17"><span class='ocrx_word' id='word_1_85' title='bbox 251 1507 439 1575; x_wconf 85' lang='lat' dir='ltr'>insolentius</span> <span class='ocrx_word' id='word_1_86' title='bbox 462 1506 559 1590; x_wconf 87' lang='lat' dir='ltr'>paulo</span> <span class='ocrx_word' id='word_1_87' title='bbox 582 1508 728 1573; x_wconf 74' lang='lat' dir='ltr'>suilli</span> <span class='ocrx_word' id='word_1_88' title='bbox 753 1503 905 1589; x_wconf 83' lang='lat' dir='ltr'>repetita:</span> <span class='ocrx_word' id='word_1_89' title='bbox 934 1503 1047 1570; x_wconf 89' lang='lat' dir='ltr'>tollere</span> <span class='ocrx_word' id='word_1_90' title='bbox 1069 1509 1177 1568; x_wconf 65' lang='lat' dir='ltr'>umen</span> <span class='ocrx_word' id='word_1_91' title='bbox 1206 1522 1257 1568; x_wconf 88' lang='lat' dir='ltr'>uu.</span> <span class='ocrx_word' id='word_1_92' title='bbox 1282 1506 1343 1569; x_wconf 83' lang='lat'>287</span> <span class='ocrx_word' id='word_1_93' title='bbox 1356 1525 1406 1587; x_wconf 87' lang='lat' dir='ltr'>sq.</span> 
     </span>
     <span class='ocr_line' id='line_1_13' title="bbox 253 1603 1406 1692; baseline -0.003 -16"><span class='ocrx_word' id='word_1_94' title='bbox 253 1609 310 1676; x_wconf 83' lang='lat' dir='ltr'>uix</span> <span class='ocrx_word' id='word_1_95' title='bbox 324 1607 421 1674; x_wconf 80' lang='lat' dir='ltr'>absus</span> <span class='ocrx_word' id='word_1_96' title='bbox 435 1608 504 1674; x_wconf 90' lang='lat' dir='ltr'>sim.</span> <span class='ocrx_word' id='word_1_97' title='bbox 537 1606 674 1692; x_wconf 88' lang='lat' dir='ltr'>Aegrius</span> <span class='ocrx_word' id='word_1_98' title='bbox 689 1608 756 1674; x_wconf 87' lang='lat' dir='ltr'>iero</span> <span class='ocrx_word' id='word_1_99' title='bbox 771 1603 899 1672; x_wconf 87' lang='lat' dir='ltr'>inutiles</span> <span class='ocrx_word' id='word_1_100' title='bbox 913 1622 1061 1670; x_wconf 89' lang='lat' dir='ltr'>uersuum</span> <span class='ocrx_word' id='word_1_101' title='bbox 1077 1607 1223 1668; x_wconf 80' lang='lat'>315—24</span> <span class='ocrx_word' id='word_1_102' title='bbox 1239 1604 1406 1689; x_wconf 79' lang='lat' dir='ltr'>ambages,</span> 
     </span>
     <span class='ocr_line' id='line_1_14' title="bbox 254 1704 1407 1785; baseline -0.001 -9"><span class='ocrx_word' id='word_1_103' title='bbox 254 1731 325 1777; x_wconf 90' lang='lat' dir='ltr'>curn</span> <span class='ocrx_word' id='word_1_104' title='bbox 346 1709 427 1776; x_wconf 91' lang='lat' dir='ltr'>nihil</span> <span class='ocrx_word' id='word_1_105' title='bbox 449 1708 491 1773; x_wconf 86' lang='lat' dir='ltr'>sii</span> <span class='ocrx_word' id='word_1_106' title='bbox 513 1712 545 1774; x_wconf 90' lang='lat' dir='ltr'>et</span> <span class='ocrx_word' id='word_1_107' title='bbox 566 1706 691 1773; x_wconf 86' lang='lat' dir='ltr'>facilins</span> <span class='ocrx_word' id='word_1_108' title='bbox 713 1712 747 1771; x_wconf 89' lang='lat' dir='ltr'>et</span> <span class='ocrx_word' id='word_1_109' title='bbox 769 1704 887 1785; x_wconf 91' lang='lat' dir='ltr'>lenius,</span> <span class='ocrx_word' id='word_1_110' title='bbox 911 1705 1068 1785; x_wconf 69' lang='lat' dir='ltr'>‚quanin</span> <span class='ocrx_word' id='word_1_111' title='bbox 1090 1723 1187 1771; x_wconf 92' lang='lat' dir='ltr'>unum</span> <span class='ocrx_word' id='word_1_112' title='bbox 1216 1707 1407 1775; x_wconf 79' lang='lat' dir='ltr'>contrahere</span> 
     </span>
     <span class='ocr_line' id='line_1_15' title="bbox 252 1806 777 1891; baseline -0.011 -15"><span class='ocrx_word' id='word_1_113' title='bbox 252 1832 305 1878; x_wconf 91' lang='lat' dir='ltr'>uu.</span> <span class='ocrx_word' id='word_1_114' title='bbox 322 1813 383 1875; x_wconf 88' lang='grc'>319</span> <span class='ocrx_word' id='word_1_115' title='bbox 400 1815 431 1875; x_wconf 91' lang='lat' dir='ltr'>et</span> <span class='ocrx_word' id='word_1_116' title='bbox 446 1811 516 1872; x_wconf 83' lang='lat'>320·</span> <span class='ocrx_word' id='word_1_117' title='bbox 530 1806 592 1873; x_wconf 90' lang='lat' dir='ltr'>hoo</span> <span class='ocrx_word' id='word_1_118' title='bbox 614 1806 777 1891; x_wconf 87' lang='lat' dir='ltr'>exemplo:</span> 
     </span>
    </p>
   </div>
   <div class='ocr_carea' id='block_1_4' title="bbox 404 1936 1259 2007">
    <p class='ocr_par' dir='ltr' id='par_1_5' title="bbox 404 1936 1259 2007">
     <span class='ocr_line' id='line_1_16' title="bbox 404 1936 1259 2007; baseline -0.002 -13"><span class='ocrx_word' id='word_1_119' title='bbox 404 1939 462 1994; x_wconf 86' lang='lat' dir='ltr'>Nec</span> <span class='ocrx_word' id='word_1_120' title='bbox 481 1940 624 2007; x_wconf 85' lang='lat' dir='ltr'>quoiquam</span> <span class='ocrx_word' id='word_1_121' title='bbox 641 1938 741 1993; x_wconf 90' lang='lat' dir='ltr'>uoluit:</span> <span class='ocrx_word' id='word_1_122' title='bbox 761 1938 857 1992; x_wconf 77' lang='lat' dir='ltr'>uerum</span> <span class='ocrx_word' id='word_1_123' title='bbox 874 1936 947 1993; x_wconf 88' lang='lat' dir='ltr'>haud</span> <span class='ocrx_word' id='word_1_124' title='bbox 965 1937 1126 2006; x_wconf 89' lang='lat' dir='ltr'>permultum</span> <span class='ocrx_word' id='word_1_125' title='bbox 1145 1939 1259 2006; x_wconf 78' lang='lat' dir='ltr'>attulit,</span> 
     </span>
    </p>
   </div>
   <div class='ocr_carea' id='block_1_5' title="bbox 125 2047 1406 2143">
    <p class='ocr_par' dir='ltr' id='par_1_6' title="bbox 125 2047 1406 2143">
     <span class='ocr_line' id='line_1_17' title="bbox 125 2047 1406 2143; baseline 0.001 -17"><span class='ocrx_word' id='word_1_126' title='bbox 125 2103 128 2108; x_wconf 90' lang='lat'>-</span> <span class='ocrx_word' id='word_1_127' title='bbox 242 2079 380 2128; x_wconf 86' lang='lat' dir='ltr'>uersum</span> <span class='ocrx_word' id='word_1_128' title='bbox 410 2066 516 2128; x_wconf 89' lang='lat' dir='ltr'>autern</span> <span class='ocrx_word' id='word_1_129' title='bbox 546 2065 607 2127; x_wconf 79' lang='lat'>323</span> <span class='ocrx_word' id='word_1_130' title='bbox 641 2059 772 2126; x_wconf 90' lang='lat' dir='ltr'>minime</span> <span class='ocrx_word' id='word_1_131' title='bbox 805 2047 883 2124; x_wconf 87' lang='lat' dir='ltr'>sane</span> <span class='ocrx_word' id='word_1_132' title='bbox 913 2059 1021 2142; x_wconf 89' lang='lat' dir='ltr'>inepte</span> <span class='ocrx_word' id='word_1_133' title='bbox 1053 2057 1178 2143; x_wconf 84' lang='lat' dir='ltr'>pridem</span> <span class='ocrx_word' id='word_1_134' title='bbox 1210 2061 1406 2142; x_wconf 86' lang='lat' dir='ltr'>expunxerit</span> 
     </span>
    </p>
   </div>
   <div class='ocr_carea' id='block_1_6' title="bbox 253 2158 1407 2346">
    <p class='ocr_par' dir='ltr' id='par_1_7' title="bbox 253 2158 1407 2346">
     <span class='ocr_line' id='line_1_18' title="bbox 254 2158 1407 2249; baseline -0.002 -20"><span class='ocrx_word' id='word_1_135' title='bbox 254 2162 408 2248; x_wconf 85' lang='lat' dir='ltr'>Guyetus.</span> <span class='ocrx_word' id='word_1_136' title='bbox 446 2161 647 2249; x_wconf 75' lang='lat' dir='ltr'>Quamquam</span> <span class='ocrx_word' id='word_1_137' title='bbox 663 2159 858 2228; x_wconf 88' lang='lat' dir='ltr'>confidenter</span> <span class='ocrx_word' id='word_1_138' title='bbox 879 2158 1071 2226; x_wconf 79' lang='lat' dir='ltr'>contendere</span> <span class='ocrx_word' id='word_1_139' title='bbox 1093 2158 1246 2225; x_wconf 90' lang='lat' dir='ltr'>insiticios</span> <span class='ocrx_word' id='word_1_140' title='bbox 1269 2179 1341 2226; x_wconf 88' lang='lat' dir='ltr'>esse</span> <span class='ocrx_word' id='word_1_141' title='bbox 1365 2181 1407 2227; x_wconf 89' lang='lat' dir='ltr'>ne</span> 
     </span>
     <span class='ocr_line' id='line_1_19' title="bbox 253 2260 798 2346; baseline -0.007 -16"><span class='ocrx_word' id='word_1_142' title='bbox 253 2265 312 2331; x_wconf 89' lang='lat' dir='ltr'>hos</span> <span class='ocrx_word' id='word_1_143' title='bbox 335 2263 466 2346; x_wconf 89' lang='lat' dir='ltr'>quidem</span> <span class='ocrx_word' id='word_1_144' title='bbox 487 2264 662 2331; x_wconf 88' lang='lat' dir='ltr'>uersiculos</span> <span class='ocrx_word' id='word_1_145' title='bbox 684 2260 798 2327; x_wconf 86' lang='lat' dir='ltr'>audeo.</span> 
     </span>
    </p>
   </div>
   <div class='ocr_carea' id='block_1_7' title="bbox 186 2409 1407 3708">
    <p class='ocr_par' dir='ltr' id='par_1_8' title="bbox 186 2409 1407 3286">
     <span class='ocr_line' id='line_1_20' title="bbox 338 2409 1407 2496; baseline 0.001 -19"><span class='ocrx_word' id='word_1_146' title='bbox 338 2418 359 2494; x_wconf 61' lang='grc' dir='ltr'>ὅ</span> <span class='ocrx_word' id='word_1_147' title='bbox 382 2418 432 2478; x_wconf 83' lang='grc'>37.</span> <span class='ocrx_word' id='word_1_148' title='bbox 473 2415 600 2493; x_wconf 90' lang='lat' dir='ltr'>Verum,</span> <span class='ocrx_word' id='word_1_149' title='bbox 623 2418 658 2478; x_wconf 89' lang='lat' dir='ltr'>ut</span> <span class='ocrx_word' id='word_1_150' title='bbox 679 2409 813 2492; x_wconf 87' lang='lat' dir='ltr'>adsolet,</span> <span class='ocrx_word' id='word_1_151' title='bbox 837 2409 923 2490; x_wconf 88' lang='lat' dir='ltr'>quod</span> <span class='ocrx_word' id='word_1_152' title='bbox 945 2409 1070 2476; x_wconf 90' lang='lat' dir='ltr'>modice</span> <span class='ocrx_word' id='word_1_153' title='bbox 1092 2416 1225 2493; x_wconf 90' lang='lat' dir='ltr'>arteque</span> <span class='ocrx_word' id='word_1_154' title='bbox 1246 2417 1407 2496; x_wconf 89' lang='lat' dir='ltr'>tempera-</span> 
     </span>
     <span class='ocr_line' id='line_1_21' title="bbox 253 2509 1407 2598; baseline 0.003 -18"><span class='ocrx_word' id='word_1_155' title='bbox 253 2521 321 2581; x_wconf 88' lang='lat' dir='ltr'>tum</span> <span class='ocrx_word' id='word_1_156' title='bbox 343 2519 439 2598; x_wconf 88' lang='lat' dir='ltr'>poeta</span> <span class='ocrx_word' id='word_1_157' title='bbox 459 2512 654 2595; x_wconf 85' lang='lat' dir='ltr'>instituerat,</span> <span class='ocrx_word' id='word_1_158' title='bbox 683 2531 756 2578; x_wconf 92' lang='lat' dir='ltr'>cum</span> <span class='ocrx_word' id='word_1_159' title='bbox 777 2511 863 2577; x_wconf 87' lang='lat' dir='ltr'>idem</span> <span class='ocrx_word' id='word_1_160' title='bbox 886 2509 1041 2577; x_wconf 87' lang='lat' dir='ltr'>effrenata</span> <span class='ocrx_word' id='word_1_161' title='bbox 1057 2510 1191 2578; x_wconf 90' lang='lat' dir='ltr'>libidine</span> <span class='ocrx_word' id='word_1_162' title='bbox 1211 2512 1407 2596; x_wconf 84' lang='lat' dir='ltr'>posteriores</span> 
     </span>
     <span class='ocr_line' id='line_1_22' title="bbox 253 2610 1407 2699; baseline 0 -19"><span class='ocrx_word' id='word_1_163' title='bbox 253 2618 424 2698; x_wconf 88' lang='lat' dir='ltr'>augerent:</span> <span class='ocrx_word' id='word_1_164' title='bbox 447 2633 511 2680; x_wconf 93' lang='lat' dir='ltr'>non</span> <span class='ocrx_word' id='word_1_165' title='bbox 525 2610 628 2679; x_wconf 89' lang='lat' dir='ltr'>solum</span> <span class='ocrx_word' id='word_1_166' title='bbox 644 2632 814 2699; x_wconf 88' lang='lat' dir='ltr'>oppressos</span> <span class='ocrx_word' id='word_1_167' title='bbox 837 2612 960 2677; x_wconf 91' lang='lat' dir='ltr'>absona</span> <span class='ocrx_word' id='word_1_168' title='bbox 981 2611 1177 2679; x_wconf 90' lang='lat' dir='ltr'>uerbositate</span> <span class='ocrx_word' id='word_1_169' title='bbox 1199 2633 1262 2678; x_wconf 94' lang='lat' dir='ltr'>non</span> <span class='ocrx_word' id='word_1_170' title='bbox 1284 2634 1407 2698; x_wconf 87' lang='lat' dir='ltr'>paucos</span> 
     </span>
     <span class='ocr_line' id='line_1_23' title="bbox 253 2712 1406 2800; baseline 0 -19"><span class='ocrx_word' id='word_1_171' title='bbox 253 2714 352 2800; x_wconf 86' lang='lat' dir='ltr'>locos,</span> <span class='ocrx_word' id='word_1_172' title='bbox 373 2716 433 2782; x_wconf 90' lang='lat' dir='ltr'>sed</span> <span class='ocrx_word' id='word_1_173' title='bbox 451 2714 547 2783; x_wconf 89' lang='lat' dir='ltr'>etiarn</span> <span class='ocrx_word' id='word_1_174' title='bbox 570 2714 758 2782; x_wconf 80' lang='lat' dir='ltr'>difficultate</span> <span class='ocrx_word' id='word_1_175' title='bbox 781 2713 953 2782; x_wconf 88' lang='lat' dir='ltr'>necessarii</span> <span class='ocrx_word' id='word_1_176' title='bbox 974 2712 1201 2780; x_wconf 87' lang='lat' dir='ltr'>sententiarum</span> <span class='ocrx_word' id='word_1_177' title='bbox 1222 2735 1322 2783; x_wconf 82' lang='lat' dir='ltr'>nexus</span> <span class='ocrx_word' id='word_1_178' title='bbox 1345 2715 1406 2781; x_wconf 87' lang='lat' dir='ltr'>irn-</span> 
     </span>
     <span class='ocr_line' id='line_1_24' title="bbox 245 2815 1406 2903; baseline 0.003 -23"><span class='ocrx_word' id='word_1_179' title='bbox 245 2817 380 2903; x_wconf 76' lang='lat' dir='ltr'>¹pedites</span> <span class='ocrx_word' id='word_1_180' title='bbox 393 2816 608 2885; x_wconf 90' lang='lat' dir='ltr'>reddiderunt.</span> <span class='ocrx_word' id='word_1_181' title='bbox 639 2815 726 2895; x_wconf 80' lang='lat' dir='ltr'>Quos</span> <span class='ocrx_word' id='word_1_182' title='bbox 741 2822 847 2884; x_wconf 91' lang='lat' dir='ltr'>tamen</span> <span class='ocrx_word' id='word_1_183' title='bbox 863 2816 892 2882; x_wconf 89' lang='lat' dir='ltr'>si</span> <span class='ocrx_word' id='word_1_184' title='bbox 908 2815 978 2898; x_wconf 88' lang='lat' dir='ltr'>quis</span> <span class='ocrx_word' id='word_1_185' title='bbox 992 2833 1128 2899; x_wconf 87' lang='lat' dir='ltr'>purgare</span> <span class='ocrx_word' id='word_1_186' title='bbox 1144 2821 1274 2883; x_wconf 88' lang='lat' dir='ltr'>conetur</span> <span class='ocrx_word' id='word_1_187' title='bbox 1287 2818 1406 2902; x_wconf 90' lang='lat' dir='ltr'>pannis</span> 
     </span>
     <span class='ocr_line' id='line_1_25' title="bbox 252 2917 1406 2999; baseline -0.002 -13"><span class='ocrx_word' id='word_1_188' title='bbox 252 2919 360 2986; x_wconf 89' lang='lat' dir='ltr'>aliena</span> <span class='ocrx_word' id='word_1_189' title='bbox 380 2917 537 2985; x_wconf 88' lang='lat' dir='ltr'>industria</span> <span class='ocrx_word' id='word_1_190' title='bbox 558 2917 697 2999; x_wconf 90' lang='lat' dir='ltr'>adsutis‚</span> <span class='ocrx_word' id='word_1_191' title='bbox 727 2918 905 2984; x_wconf 90' lang='lat' dir='ltr'>cauendum</span> <span class='ocrx_word' id='word_1_192' title='bbox 927 2922 1054 2999; x_wconf 87' lang='lat' dir='ltr'>estne,</span> <span class='ocrx_word' id='word_1_193' title='bbox 1083 2933 1167 2996; x_wconf 89' lang='lat' dir='ltr'>quae</span> <span class='ocrx_word' id='word_1_194' title='bbox 1192 2922 1248 2983; x_wconf 89' lang='lat' dir='ltr'>aut</span> <span class='ocrx_word' id='word_1_195' title='bbox 1276 2918 1406 2984; x_wconf 90' lang='lat' dir='ltr'>inter-</span> 
     </span>
     <span class='ocr_line' id='line_1_26' title="bbox 252 3016 1405 3102; baseline 0.002 -18"><span class='ocrx_word' id='word_1_196' title='bbox 252 3018 455 3102; x_wconf 88' lang='lat' dir='ltr'>polatoris</span> <span class='ocrx_word' id='word_1_197' title='bbox 478 3017 641 3083; x_wconf 88' lang='lat' dir='ltr'>cuiusdam</span> <span class='ocrx_word' id='word_1_198' title='bbox 656 3016 874 3100; x_wconf 90' lang='lat' dir='ltr'>impudentiae</span> <span class='ocrx_word' id='word_1_199' title='bbox 889 3024 945 3084; x_wconf 88' lang='lat' dir='ltr'>aut</span> <span class='ocrx_word' id='word_1_200' title='bbox 958 3017 1099 3083; x_wconf 91' lang='lat' dir='ltr'>insulsae</span> <span class='ocrx_word' id='word_1_201' title='bbox 1114 3017 1295 3084; x_wconf 89' lang='lat' dir='ltr'>credulitati</span> <span class='ocrx_word' id='word_1_202' title='bbox 1317 3019 1405 3086; x_wconf 88' lang='lat' dir='ltr'>dia-</span> 
     </span>
     <span class='ocr_line' id='line_1_27' title="bbox 186 3115 1405 3202; baseline 0.002 -18"><span class='ocrx_word' id='word_1_203' title='bbox 186 3139 190 3146; x_wconf 78' lang='grc'><em>’</em></span> <span class='ocrx_word' id='word_1_204' title='bbox 220 3139 225 3152; x_wconf 81' lang='grc'><em>’</em></span> <span class='ocrx_word' id='word_1_205' title='bbox 252 3122 468 3184; x_wconf 88' lang='lat' dir='ltr'>socnastae</span> <span class='ocrx_word' id='word_1_206' title='bbox 490 3115 677 3198; x_wconf 85' lang='lat' dir='ltr'>debeantur,</span> <span class='ocrx_word' id='word_1_207' title='bbox 702 3137 812 3184; x_wconf 90' lang='lat' dir='ltr'>eorum</span> <span class='ocrx_word' id='word_1_208' title='bbox 835 3117 960 3202; x_wconf 90' lang='lat' dir='ltr'>culpam</span> <span class='ocrx_word' id='word_1_209' title='bbox 984 3118 1125 3186; x_wconf 87' lang='lat' dir='ltr'>conferat</span> <span class='ocrx_word' id='word_1_210' title='bbox 1146 3119 1180 3184; x_wconf 90' lang='lat' dir='ltr'>in</span> <span class='ocrx_word' id='word_1_211' title='bbox 1200 3123 1405 3186; x_wconf 88' lang='lat' dir='ltr'>retracta·</span> 
     </span>
     <span class='ocr_line' id='line_1_28' title="bbox 250 3222 385 3286; baseline 0.007 -3"><span class='ocrx_word' id='word_1_212' title='bbox 250 3222 385 3286; x_wconf 89' lang='lat' dir='ltr'>torem.</span> 
     </span>
    </p>

    <p class='ocr_par' dir='ltr' id='par_1_9' title="bbox 251 3303 1405 3708">
     <span class='ocr_line' id='line_1_29' title="bbox 337 3303 1405 3406; baseline 0.005 -23"><span class='ocrx_word' id='word_1_213' title='bbox 337 3319 459 3403; x_wconf 90' lang='lat' dir='ltr'>Veluti,</span> <span class='ocrx_word' id='word_1_214' title='bbox 488 3337 559 3385; x_wconf 89' lang='lat' dir='ltr'>cum</span> <span class='ocrx_word' id='word_1_215' title='bbox 581 3316 637 3383; x_wconf 87' lang='lat' dir='ltr'>uix</span> <span class='ocrx_word' id='word_1_216' title='bbox 659 3303 868 3385; x_wconf 79' lang='lat' dir='ltr'>dubitandum</span> <span class='ocrx_word' id='word_1_217' title='bbox 889 3318 931 3386; x_wconf 89' lang='lat' dir='ltr'>sit</span> <span class='ocrx_word' id='word_1_218' title='bbox 953 3319 1029 3406; x_wconf 91' lang='lat' dir='ltr'>quin</span> <span class='ocrx_word' id='word_1_219' title='bbox 1051 3340 1082 3385; x_wconf 91' lang='lat' dir='ltr'>u.</span> <span class='ocrx_word' id='word_1_220' title='bbox 1102 3323 1163 3384; x_wconf 81' lang='lat'>299</span> <span class='ocrx_word' id='word_1_221' title='bbox 1186 3339 1284 3406; x_wconf 91' lang='lat' dir='ltr'>supra</span> <span class='ocrx_word' id='word_1_222' title='bbox 1305 3340 1405 3404; x_wconf 87' lang='lat' dir='ltr'>quarn</span> 
     </span>
     <span class='ocr_line' id='line_1_30' title="bbox 251 3417 1402 3506; baseline 0.003 -22"><span class='ocrx_word' id='word_1_223' title='bbox 251 3419 329 3484; x_wconf 85' lang='lat' dir='ltr'>ferri</span> <span class='ocrx_word' id='word_1_224' title='bbox 350 3419 452 3503; x_wconf 91' lang='lat' dir='ltr'>possit</span> <span class='ocrx_word' id='word_1_225' title='bbox 473 3417 624 3502; x_wconf 82' lang='lat' dir='ltr'>languide</span> <span class='ocrx_word' id='word_1_226' title='bbox 647 3418 806 3486; x_wconf 88' lang='lat' dir='ltr'>claudicet</span> <span class='ocrx_word' id='word_1_227' title='bbox 826 3426 901 3502; x_wconf 88' lang='lat' dir='ltr'>post</span> <span class='ocrx_word' id='word_1_228' title='bbox 922 3441 970 3503; x_wconf 90' lang='lat' dir='ltr'>ea,</span> <span class='ocrx_word' id='word_1_229' title='bbox 994 3438 1077 3502; x_wconf 90' lang='lat' dir='ltr'>quae</span> <span class='ocrx_word' id='word_1_230' title='bbox 1099 3426 1132 3486; x_wconf 90' lang='lat' dir='ltr'>et</span> <span class='ocrx_word' id='word_1_231' title='bbox 1153 3421 1280 3506; x_wconf 90' lang='lat' dir='ltr'>plenius</span> <span class='ocrx_word' id='word_1_232' title='bbox 1302 3428 1334 3488; x_wconf 91' lang='lat' dir='ltr'>et</span> <span class='ocrx_word' id='word_1_233' title='bbox 1355 3423 1402 3488; x_wconf 93' lang='lat' dir='ltr'>ni-</span> 
     </span>
     <span class='ocr_line' id='line_1_31' title="bbox 252 3517 1404 3605; baseline 0 -19"><span class='ocrx_word' id='word_1_234' title='bbox 252 3517 349 3586; x_wconf 87' lang='lat' dir='ltr'>tidius</span> <span class='ocrx_word' id='word_1_235' title='bbox 372 3517 458 3584; x_wconf 89' lang='lat' dir='ltr'>dieta</span> <span class='ocrx_word' id='word_1_236' title='bbox 480 3525 571 3586; x_wconf 90' lang='lat' dir='ltr'>erant</span> <span class='ocrx_word' id='word_1_237' title='bbox 591 3521 737 3588; x_wconf 89' lang='lat' dir='ltr'>uersibus</span> <span class='ocrx_word' id='word_1_238' title='bbox 760 3525 821 3586; x_wconf 79' lang='lat'>297</span> <span class='ocrx_word' id='word_1_239' title='bbox 835 3539 900 3603; x_wconf 90' lang='lat' dir='ltr'>sq.,</span> <span class='ocrx_word' id='word_1_240' title='bbox 930 3539 992 3602; x_wconf 91' lang='lat' dir='ltr'>quo</span> <span class='ocrx_word' id='word_1_241' title='bbox 1018 3520 1144 3588; x_wconf 90' lang='lat' dir='ltr'>accedit</span> <span class='ocrx_word' id='word_1_242' title='bbox 1172 3523 1259 3605; x_wconf 89' lang='lat' dir='ltr'>qnod</span> <span class='ocrx_word' id='word_1_243' title='bbox 1285 3523 1404 3590; x_wconf 86' lang='lat' dir='ltr'>iliaco</span> 
     </span>
     <span class='ocr_line' id='line_1_32' title="bbox 253 3617 1403 3708; baseline 0.003 -24"><span class='ocrx_word' id='word_1_244' title='bbox 253 3622 407 3684; x_wconf 79' lang='lat' dir='ltr'>animolas</span> <span class='ocrx_word' id='word_1_245' title='bbox 418 3617 513 3702; x_wconf 81' lang='lat' dir='ltr'>sui1)</span> <span class='ocrx_word' id='word_1_246' title='bbox 535 3621 734 3690; x_wconf 91' lang='lat' dir='ltr'>incommode</span> <span class='ocrx_word' id='word_1_247' title='bbox 755 3624 963 3708; x_wconf 87' lang='lat' dir='ltr'>seiunguntur</span> <span class='ocrx_word' id='word_1_248' title='bbox 985 3642 1005 3687; x_wconf 91' lang='lat' dir='ltr'>a</span> <span class='ocrx_word' id='word_1_249' title='bbox 1026 3643 1057 3690; x_wconf 91' lang='grc' dir='ltr'>ιι.</span> <span class='ocrx_word' id='word_1_250' title='bbox 1078 3626 1140 3687; x_wconf 90' lang='grc'>399</span> <span class='ocrx_word' id='word_1_251' title='bbox 1170 3626 1309 3705; x_wconf 79' lang='lat' dir='ltr'>cepimus</span> <span class='ocrx_word' id='word_1_252' title='bbox 1331 3645 1403 3688; x_wconf 83' lang='lat' dir='ltr'>ooc-</span> 
     </span>
    </p>
   </div>
   <div class='ocr_carea' id='block_1_8' title="bbox 251 3851 1403 4112">
    <p class='ocr_par' dir='ltr' id='par_1_10' title="bbox 251 3851 1403 4112">
     <span class='ocr_line' id='line_1_33' title="bbox 341 3851 1403 3950; baseline 0.004 -26"><span class='ocrx_word' id='word_1_253' title='bbox 341 3875 363 3936; x_wconf 86' lang='lat'>1)</span> <span class='ocrx_word' id='word_1_254' title='bbox 382 3871 426 3925; x_wconf 82' lang='lat' dir='ltr'>Sic</span> <span class='ocrx_word' id='word_1_255' title='bbox 444 3851 515 3924; x_wconf 75' lang='lat' dir='ltr'>eninr</span> <span class='ocrx_word' id='word_1_256' title='bbox 531 3883 640 3924; x_wconf 90' lang='lat' dir='ltr'>uersum</span> <span class='ocrx_word' id='word_1_257' title='bbox 657 3874 707 3925; x_wconf 76' lang='lat'>298</span> <span class='ocrx_word' id='word_1_258' title='bbox 725 3876 752 3926; x_wconf 89' lang='lat' dir='ltr'>et</span> <span class='ocrx_word' id='word_1_259' title='bbox 769 3873 858 3941; x_wconf 86' lang='lat' dir='ltr'>aptius</span> <span class='ocrx_word' id='word_1_260' title='bbox 877 3873 960 3950; x_wconf 85' lang='lat' dir='ltr'>scribi</span> <span class='ocrx_word' id='word_1_261' title='bbox 978 3871 1047 3926; x_wconf 89' lang='lat' dir='ltr'>duco</span> <span class='ocrx_word' id='word_1_262' title='bbox 1067 3871 1214 3937; x_wconf 74' lang='lat' dir='ltr'>(autmarus</span> <span class='ocrx_word' id='word_1_263' title='bbox 1225 3887 1281 3927; x_wconf 92' lang='lat' dir='ltr'>non</span> <span class='ocrx_word' id='word_1_264' title='bbox 1296 3878 1403 3929; x_wconf 89' lang='lat' dir='ltr'>tantum</span> 
     </span>
     <span class='ocr_line' id='line_1_34' title="bbox 253 3951 1403 4025; baseline 0.005 -17"><span class='ocrx_word' id='word_1_265' title='bbox 253 3967 315 4008; x_wconf 87' lang='lat' dir='ltr'>curn</span> <span class='ocrx_word' id='word_1_266' title='bbox 335 3951 487 4019; x_wconf 89' lang='lat' dir='ltr'>aducrblis‚</span> <span class='ocrx_word' id='word_1_267' title='bbox 510 3952 587 4008; x_wconf 87' lang='lat' dir='ltr'>uelut</span> <span class='ocrx_word' id='word_1_268' title='bbox 604 3953 694 4025; x_wconf 80' lang='lat' dir='ltr'>probe</span> <span class='ocrx_word' id='word_1_269' title='bbox 715 3954 815 4010; x_wconf 87' lang='lat' dir='ltr'>Bacch.</span> <span class='ocrx_word' id='word_1_270' title='bbox 838 3960 902 4024; x_wconf 78' lang='lat'><strong>942,</strong></span> <span class='ocrx_word' id='word_1_271' title='bbox 928 3955 1116 4022; x_wconf 88' lang='lat' dir='ltr'>coniunctum,</span> <span class='ocrx_word' id='word_1_272' title='bbox 1141 3957 1188 4012; x_wconf 86' lang='lat' dir='ltr'>sed</span> <span class='ocrx_word' id='word_1_273' title='bbox 1212 3957 1403 4015; x_wconf 85' lang='lat' dir='ltr'>etiamsolum</span> 
     </span>
     <span class='ocr_line' id='line_1_35' title="bbox 251 4037 1402 4112; baseline 0.009 -22"><span class='ocrx_word' id='word_1_274' title='bbox 251 4048 369 4104; x_wconf 84' lang='lat' dir='ltr'>aequare</span> <span class='ocrx_word' id='word_1_275' title='bbox 385 4037 522 4094; x_wconf 85' lang='lat' dir='ltr'>notionem</span> <span class='ocrx_word' id='word_1_276' title='bbox 539 4039 654 4109; x_wconf 76' lang='lat' dir='ltr'>fortiter</span> <span class='ocrx_word' id='word_1_277' title='bbox 666 4039 803 4094; x_wconf 83' lang='lat' dir='ltr'>animatas</span> <span class='ocrx_word' id='word_1_278' title='bbox 820 4039 943 4107; x_wconf 86' lang='lat' dir='ltr'>exempla</span> <span class='ocrx_word' id='word_1_279' title='bbox 955 4040 1133 4107; x_wconf 88' lang='lat' dir='ltr'>comprobant</span> <span class='ocrx_word' id='word_1_280' title='bbox 1144 4041 1246 4097; x_wconf 84' lang='lat' dir='ltr'>Aeolus</span> <span class='ocrx_word' id='word_1_281' title='bbox 1264 4047 1322 4098; x_wconf 77' lang='lat'>427.</span> <span class='ocrx_word' id='word_1_282' title='bbox 1343 4048 1402 4112; x_wconf 83' lang='grc'>398,</span> 
     </span>
    </p>
   </div>
   <div class='ocr_carea' id='block_1_9' title="bbox 0 0 1550 4756">
    <p class='ocr_par' dir='ltr' id='par_1_11' title="bbox 0 0 1550 4756">
     <span class='ocr_line' id='line_1_36' title="bbox 0 0 1550 4756; baseline 0 0"><span class='ocrx_word' id='word_1_283' title='bbox 0 0 1550 4756; x_wconf 95' lang='lat' dir='ltr'> </span> 
     </span>
    </p>
   </div>
  </div>
 </body>
</html>
