3080 4748
251 313 310 376 1011
640 311 815 366 Guallharius
835 311 1006 366 Brachmann

248 486 376 553 foedata
404 503 474 552 esse
503 503 683 569 cognosces.
729 483 811 549 Nam
840 483 885 566 is,
916 482 969 564 qui
1000 504 1029 548 u.
1051 486 1113 547 966
1138 479 1216 566 port
1240 483 1406 566 particula

247 587 423 672 praemissa
446 586 537 668 quasi
560 585 634 652 noui
663 583 786 666 aliquid
816 590 1000 650 narraturus
1029 583 1147 667 pergit,
1178 584 1282 650 minus
1313 590 1405 650 recte

247 708 374 756 uersum
390 693 451 753 960
475 708 510 754 se
532 687 727 754 intellexisse
750 685 898 752 ostendit.
933 685 1030 768 Cedo,
1055 684 1132 767 quid
1154 684 1284 751 tandem
1308 685 1405 753 fortis

247 789 453 872 eiusdemque
470 789 556 868 utilis
578 789 624 854 rei
647 806 771 870 quaeue
794 807 865 854 cum
881 786 981 851 Troili
1003 785 1159 852 occisione
1182 786 1327 868 aliquam
1354 807 1403 852 re·

227 933 233 948 ·
247 893 367 978 ciperet
382 890 650 974 comparationem
666 889 799 972 persenit
814 887 997 973 Chrysalus,
1021 906 1092 952 cum
1115 888 1284 969 epistulam
1307 890 1404 955 illam

246 993 384 1080 priorem
400 993 443 1058 ad
458 990 649 1057 Nicobulum
671 990 778 1055 attulit
799 991 903 1075 ipsum
925 989 1037 1055 uinciri
1058 988 1229 1072 iubentem,
1252 989 1316 1054 nisi
1341 991 1405 1056 hoc

245 1097 315 1179 ipso
339 1090 923 1177 061106011οι010101100001011000100
953 1090 1059 1156 statim
1088 1110 1144 1174 ea,
1174 1108 1256 1171 quae
1287 1098 1404 1158 secuta

246 1202 332 1262 sunt:
357 1193 441 1277 quod
456 1213 565 1259 senem
589 1191 629 1259 de
651 1193 760 1258 militis
783 1212 881 1259 uxore
905 1189 1071 1258 mendacio
1093 1192 1294 1275 perterritum
1312 1214 1404 1260 com-

247 1298 354 1379 00016,
378 1303 412 1361 06
428 1303 460 1361 01
474 1296 576 1381 ipsum
593 1295 731 1362 solueret
753 1302 785 1360 et
808 1293 960 1360 ducentos
982 1312 1126 1359 nummos
1146 1313 1259 1360 aureos
1282 1314 1317 1361 00
1344 1296 1403 1362 da-

246 1404 349 1463 turum
370 1396 591 1482 promitteret?
625 1396 717 1474 Quod
734 1393 862 1479 quidem
878 1395 1015 1460 sensisse
1030 1393 1156 1460 uidetur
1171 1394 1402 1480 Kiesslingius

247 1519 317 1566 cum
333 1521 363 1584 p.
384 1503 418 1563 17
441 1498 732 1582 prostituturus
754 1498 787 1564 10
809 1496 854 1558 rbi
872 1502 1024 1562 mutaret:
1047 1515 1158 1581 parum
1181 1503 1287 1563 tamen
1309 1499 1402 1565 felici

246 1620 394 1668 successu
409 1619 484 1666 usus
500 1621 570 1665 meo
592 1599 721 1680 quidem
743 1598 869 1664 iudicio.
907 1599 1017 1681 Immo,
1041 1598 1068 1663 si
1091 1597 1168 1680 quid
1189 1598 1301 1682 santio,
1326 1619 1400 1666 uer·

198 1775 199 1780 1
246 1722 315 1768 sum
343 1704 404 1766 969
434 1700 581 1766 00061000
612 1700 804 1780 sequebatur
833 1720 862 1765 u.
887 1703 966 1781 968,
994 1719 1104 1766 uersus
1132 1706 1239 1766 autem
1269 1703 1332 1764 966
1350 1721 1401 1784 sq.

245 1802 427 1887 interpolati
448 1808 535 1866 sunt:
566 1819 660 1882 quos,
685 1807 853 1883 postquam
876 1821 986 1867 uersus
1008 1800 1056 1866 illi
1079 1803 1247 1866 961-965
1271 1801 1400 1885 pridem

246 1907 492 1969 aretractatore
515 1900 617 1966 additi
640 1919 716 1966 casu
739 1901 815 1984 huc,
843 1901 897 1967 ubi
919 1922 1002 1968 nunc
1025 1907 1167 1985 exstant,
1191 1903 1291 1968 delati
1314 1912 1399 1988 sunt,

245 2024 285 2070 ne
300 2004 403 2069 hiaret
423 2003 524 2069 oratio
547 2003 717 2087 adscripsit
732 2003 769 2087 10,
794 2004 848 2085 qui
870 2002 945 2069 inde
968 2024 988 2069 a
1012 2023 1039 2068 u.
1056 2007 1114 2068 961
1141 2004 1251 2070 referri
1273 2006 1399 2090 simpli-

246 2107 324 2173 citer
347 2125 385 2170 ea
407 2104 468 2171 sibi
491 2112 710 2190 persuaserat,
738 2123 820 2186 qnae
842 2105 1005 2189 superiore
1027 2125 1144 2172 scaena
1166 2113 1239 2190 post
1261 2107 1399 2174 traditas

245 2208 318 2274 illas
334 2208 456 2274 litteras
472 2213 544 2273 acta
560 2212 673 2288 essent,
697 2206 876 2290 adsumptis
892 2206 1031 2291 quidem,
1048 2211 1081 2271 ut
1096 2208 1215 2291 opinor,
1235 2207 1294 2291 his,
1312 2227 1399 2289 quae

246 2308 332 2374 haud
346 2309 514 2374 inuenuste
529 2327 605 2372 sane
622 2306 708 2372 dicta
723 2312 809 2370 sunt:
828 2306 914 2369 urbis
929 2308 1034 2371 000610
1049 2310 1105 2394 qni
1117 2311 1255 2372 r'nermue
1271 2311 1398 2395 capia),

245 2416 300 2475 aut
322 2429 363 2474 ex
385 2408 451 2471 alla
472 2408 582 2472 fabula
604 2407 710 2473 nescio
735 2425 798 2488 qua
821 2414 876 2472 aut
898 2430 938 2474 ex
961 2410 1055 2475 huius
1082 2410 1180 2494 ipsius
1204 2430 1244 2476 ea
1265 2431 1397 2497 scaena,

245 2529 308 2590 qua
336 2508 494 2592 gloriosae
524 2507 632 2574 militis
661 2508 849 2576 iactationes
878 2510 1125 2596 uellioabantur,
1155 2532 1237 2577 nunc
1266 2513 1396 2580 amissa.

245 2611 315 2689 Quo
331 2608 523 2676 emendandi
538 2609 643 2676 studio
659 2611 867 2694 interpolator
881 2612 937 2677 ille
951 2613 985 2679 id
1005 2632 1118 2697 reapse
1140 2612 1311 2678 adsecutus
1334 2621 1396 2697 est,

244 2719 279 2779 ut
294 2712 406 2778 turbae
428 2711 504 2776 illae
526 2712 734 2793 genuinorum
756 2713 1042 2799 additiciorumque
1065 2734 1215 2781 uersuum
1242 2715 1319 2779 miro
1344 2735 1397 2780 or-

245 2815 318 2881 dine
346 2815 427 2880 inter
455 2833 490 2880 se
520 2816 721 2881 confusorum
750 2833 849 2896 usque
878 2814 920 2881 ad
949 2821 1089 2882 nostram
1119 2820 1257 2882 aetatem
1281 2815 1397 2882 delite-

244 2923 376 2982 scerent.

328 3016 397 3079 Iam
413 3035 442 3079 u.
459 3018 520 3078 969
536 3016 676 3099 proferre
691 3015 831 3082 debebat
847 3015 1030 3099 Chrysalus,
1053 3016 1131 3099 quid
1145 3017 1238 3082 tertio
1253 3007 1317 3083 1110Ι
1325 3017 1394 3084 1060

244 3114 414 3199 significari
438 3115 549 3180 uellet:
573 3116 642 3200 ipsc
665 3115 877 3182 erimusne
901 3119 1187 3184 commonefaceret
1209 3117 1271 3185 duo
1295 3119 1394 3185 etiam

243 3224 364 3285 restare
392 3217 467 3282 fata.
525 3215 618 3295 Quod
648 3217 742 3298 quale
772 3218 901 3284 tandem
930 3218 1028 3284 fuisse
1057 3219 1194 3286 conicias
1227 3219 1289 3284 nisi
1318 3222 1394 3302 equi

244 3319 342 3402 lignei
364 3318 507 3401 aliquam
522 3316 785 3385 similitudinem?
821 3320 871 3386 Ne
886 3320 1000 3403 longus
1016 3320 1090 3385 sim:
1113 3322 1304 3402 sequebatur
1319 3329 1394 3404 post

243 3438 369 3487 uersum
392 3422 470 3483 969⁶
502 3417 579 3503 Cepi
604 3418 642 3481 ol
670 3439 707 3481 00
733 3420 835 3505 spolio
864 3440 973 3487 uersus
996 3424 1073 3505 935,
1103 3428 1138 3487 06
1165 3443 1248 3489 0000
1277 3422 1393 3506 legitur

243 3522 271 3588 is
294 3519 421 3603 quidem
449 3519 553 3586 inutili
582 3521 775 3589 uerbositate
802 3522 990 3608 languidus,
1018 3524 1101 3590 hunc
1121 3523 1162 3594 in
1191 3523 1320 3590 modum
1342 3545 1390 3592 re·

243 3621 441 3690 formandus:
475 3621 543 3683 Iam
571 3621 628 3684 bris
657 3623 799 3697 labellus,
833 3625 1010 3709 dpcr'pnotor
1039 3629 1115 3709 qudo
1133 3624 1232 3708 sero,
1264 3645 1390 3692 uersum

243 3726 438 3806 00600936,
461 3723 578 3790 001000
601 3723 747 3790 nimirum
769 3727 983 3795 retractatoris
1006 3727 1233 3810 additamento,
1257 3747 1308 3793 uu.
1328 3730 1386 3791 941

243 3829 364 3910 -911,
393 3846 449 3894 000
478 3825 581 3910 potius
610 3830 738 3910 propter
766 3830 944 3913 complures
973 3849 1090 3912 easque
1118 3850 1180 3895 non
1209 3827 1391 3895 reconditas

334 3977 354 4039 1)
373 3974 428 4028 100
450 3975 546 4030 110000
564 3973 673 4028 Centur.
696 3977 754 4030 siue
771 3976 1000 4045 Explanationum
1023 3976 1082 4030 libr.
1100 3979 1126 4034 ll
1150 3995 1208 4048 cap.
1228 3982 1259 4032 15
1285 3977 1391 4033 confert
1430 4021 1432 4028 .

243 4057 456 4127 Pyrgopolinicis
475 4066 681 4127 cognomentum
704 4059 837 4132 Urbicope
855 4060 910 4114 Mil.
931 4059 1005 4114 Glor.
1027 4065 1104 4115 1055:
1124 4060 1194 4115 idem
1213 4061 1364 4130 Ussinglus.
