3092 4756
318 322 360 377 De
377 321 545 377 Bacchidnm
562 321 705 378 Plautinae
722 323 917 379 retractatione
935 326 1070 383 scaenica.
1204 323 1263 382 145

110 520 140 565 u.
156 501 214 562 77:
239 494 344 562 debeo
368 493 428 559 hoo
450 491 844 560 (1.11111111111111.
879 496 1051 562 Praeterea
1072 515 1114 562 ex
1134 493 1264 563 illorum

111 599 238 666 ratione
263 595 440 664 coniunctis
469 593 616 661 uersibus
648 599 686 657 77
715 601 749 662 et
776 597 816 659 83
841 598 980 680 'apparet
1006 595 1265 678 perincommode

111 698 303 782 interrumpi
323 695 423 761 multo
445 696 626 778 grauiorem
651 696 692 761 de
721 716 800 763 auro
828 694 936 763 dando
965 697 1183 778 quaestionem
1191 747 1205 782 „
1229 707 1264 767 nt

112 802 176 868 alia
191 801 348 866 omittam.
384 797 558 864 Pristinum
572 815 722 862 uersuum
736 797 881 864 ordinem
896 798 1039 864 consulto
1053 803 1131 882 puto
1153 819 1174 864 a
1195 819 1262 866 cor·

113 906 236 969 rectore
258 898 400 981 quodam
421 902 577 964 11111111
600 917 680 964 esse.

196 1002 401 1067 Retractator
422 1021 498 1067 num
520 1005 586 1065 tem
606 1001 722 1065 fortem
743 998 991 1065 contractionem
1012 1000 1198 1084 instituerit,
1228 1007 1264 1066 ut

113 1106 143 1170 in
163 1121 284 1170 nouem
306 1102 372 1168 illis
393 1101 559 1168 uersiculis
581 1100 812 1183 acquiesceret,
835 1121 877 1166 an
898 1101 1025 1168 auxerit
1045 1101 1263 1169 recensionem

112 1225 202 1272 suam
217 1203 416 1286 interpositis
429 1203 513 1268 inter
526 1221 638 1269 uersus
661 1205 825 1269 8911101
847 1202 920 1269 aliis
942 1201 1142 1286 quibusdam,
1164 1204 1262 1272 narsi·

112 1307 171 1373 bns
192 1309 332 1371 tortasse
354 1307 502 1368 96-1111
530 1303 587 1369 nel
608 1306 710 1384 9011.
733 1323 751 1370 1
772 1304 909 1388 genuino
938 1306 1086 1388 exemplo
1116 1305 1262 1390 receptis,

111 1408 198 1473 haud
221 1405 318 1472 tecue
342 1404 542 1471 diiudicabis.

195 1510 249 1573 De
271 1506 397 1586 reliqua
418 1505 447 1571 si
468 1506 595 1587 quaeris
618 1503 775 1591 epistulae
796 1511 901 1590 parte:
923 1509 1058 1589 apparet
1079 1505 1122 1572 ad
1144 1515 1261 1574 tetrae

112 1617 212 1677 tatum
229 1613 354 1674 tantum
368 1608 535 1690 exemplar
548 1605 638 1673 illam
653 1606 894 1673 accomodatam
909 1626 996 1674 esse.
1034 1605 1154 1686 Quodsi
1176 1601 1262 1674 ooni-

111 1711 176 1777 oias
198 1714 275 1795 post
296 1729 326 1775 u.
344 1713 402 1773 101
427 1708 509 1774 haec
530 1711 597 1775 fere
617 1709 768 1774 Plautum
790 1709 951 1794 posuisse:

264 1859 324 1926 Ego
342 1856 528 1912 iusiurandum
546 1856 638 1912 uerbis
656 1857 797 1926 conceptis
816 1857 877 1912 dedi

264 1943 399 1996 Daturum
416 1957 460 1995 me
477 1935 556 1997 hodie
572 1942 676 1997 mulieri
693 1949 757 1997 ante
777 1940 920 2012 uesperum

263 2028 405 2082 Ducentos
423 2027 571 2096 Philippos.
597 2032 677 2095 nunc,
694 2033 781 2096 pater,
799 2042 833 2081 ne
849 2024 981 2094 perierem
998 2042 1021 2082 e.
1032 2045 1057 2097 q.
1067 2042 1104 2083 a:

112 2165 143 2232 in
158 2165 329 2252 propatulo
344 2184 421 2231 sane
436 2163 478 2256 sit
497 2171 530 2230 et
551 2164 672 2245 quade
687 2183 786 2230 causa
807 2169 996 2230 retractator
1015 2164 1179 2249 paululum
1201 2164 1260 2230 hos

112 2286 224 2336 uersus
238 2265 455 2332 immutauerit
470 2272 502 2330 ct
516 2263 584 2332 fieri
598 2267 655 2332 uix
669 2265 822 2350 potuisse,
844 2270 880 2329 ut
894 2264 1013 2348 duplex
1027 2263 1063 2328 in
1076 2266 1260 2348 grammati-

113 2389 218 2437 corum
241 2347 479 2452 exemplaribus
499 2367 658 2452 epistulae
679 2365 751 2432 finis
777 2369 967 2432 seruaretur.
1012 2365 1099 2434 Certi
1126 2373 1261 2453 apparet

113 2470 188 2536 nihil
209 2490 269 2537 nos
292 2467 426 2553 adsequi
447 2487 552 2552 posse,
576 2467 728 2548 quoniam
749 2467 946 2552 argumentis
968 2467 1030 2534 hac
1051 2468 1085 2536 in
1107 2489 1141 2536 re
1163 2467 1260 2536 desti-

113 2572 168 2637 tuti
187 2591 309 2638 snmus.

195 2726 216 2804 ξ
240 2726 291 2786 42.
335 2723 405 2787 Iam
427 2739 510 2803 qnae
532 2726 766 2801 consequuntur
786 2719 943 2804 epistulae
967 2720 1197 2802 recitationem,
1220 2741 1261 2787 ne

113 2825 167 2891 illa
187 2824 319 2909 quidem
341 2828 458 2889 uacant
479 2821 714 2888 retractationis
735 2817 890 2904 uestigiis.
930 2820 1021 2899 Quae
1043 2825 1079 2885 11
1099 2821 1133 2884 in
1153 2821 1259 2886 lucem

114 2927 350 3009 protrahantur,
373 2923 548 3010 disputatio
569 2922 735 3010 aptissime
757 2920 923 2989 exordium
945 2921 1050 3005 capiet
1071 2940 1092 2986 a
1113 2921 1260 2988 uersibus

17 3113 18 3116 Ἴ
117 3033 191 3092 1045
202 3047 269 3108 sq.:

347 3125 378 3180 si
394 3124 456 3192 plue
472 3122 643 3192 perdundum
661 3126 704 3189 stt,
721 3123 825 3191 perisse
842 3119 966 3177 animust

347 3208 435 3277 Quum
450 3207 518 3262 illud
534 3205 667 3276 flagitium
684 3207 764 3276 udlgo
782 3204 972 3276 dispaltscere.

17 3411 18 3414 ,
115 3363 189 3425 qnos
198 3344 359 3412 Nicobulo
373 3345 561 3413 tribuendos
576 3364 648 3411 ease
661 3345 939 3430 pemnasissimnm
954 3343 1069 3410 habeo.
1097 3346 1259 3414 Pecuniae

114 3447 193 3513 euim
207 3448 365 3513 iacturam
380 3445 549 3530 deplorare
562 3447 632 3513 cius
647 3453 726 3529 erat,
741 3446 797 3527 qui
810 3445 1010 3529 possidebat;
1030 3466 1134 3528 neque
1149 3469 1259 3516 uersus

115 3551 191 3611 11116
213 3547 373 3614 sententia
388 3548 516 3614 eolorue
538 3568 610 3613 cum
632 3547 719 3613 serni
738 3564 876 3631 persona
897 3547 976 3612 satis
997 3555 1073 3634 apte
1095 3552 1258 3616 conuenit:

17 3731 18 3740 ἵ
112 3649 208 3730 patris
229 3649 338 3733 prodit
359 3668 466 3714 curam
489 3648 530 3714 de
552 3669 612 3715 sna
635 3647 757 3731 filiique
785 3649 873 3714 lama
899 3649 1038 3717 solliciti.
1081 3651 1256 3715 Nicobnlns

112 3749 259 3816 uidelicet
274 3751 325 3815 his
339 3750 485 3816 uersibus
498 3771 567 3817 rem
588 3767 696 3815 secum
718 3748 876 3816 delibant
897 3752 1026 3832 11111111
1048 3751 1188 3816 animum
1209 3749 1255 3814 in·

112 3848 195 3916 ducit
215 3849 260 3916 ad
281 3851 463 3917 faciendum
485 3850 529 3934 io,
553 3848 640 3932 quod
662 3857 810 3917 orauerat
831 3850 924 3918 filins,

192 3953 264 4030 Qua
291 3972 327 4016 re
354 3953 418 4017 nisi
445 3953 520 4018 salsi
547 3971 672 4034 snmus,
701 3953 766 4018 iam
795 3959 931 4037 apparet
957 3957 1030 4035 post
1057 3949 1117 4015 hos
1144 3970 1257 4017 uersus

1021 4071 1052 4119 11
