3092 4756
249 301 312 366 184
642 302 817 358 Gualtharius
836 302 1009 358 Brachmann

334 477 425 544 Haec
446 475 555 543 omnia
568 475 625 542 ille
639 473 725 541 baud
739 471 992 561 improbabiliter
1011 473 1155 558 exponit3
1178 493 1237 540 nec
1253 474 1405 557 equidem

249 578 479 660 dubitauerim,
501 577 529 642 si
551 576 679 658 quidem
701 575 736 642 in
757 574 952 643 Menandrea
974 575 1085 641 fabula
1107 573 1221 642 eodem
1242 575 1338 642 modo
1360 597 1403 644 ac

251 681 284 746 in
305 680 412 745 Plauti
433 678 498 744 illis
520 677 665 746 uersibus
687 677 826 763 Lycurgi
846 697 963 745 nomen
985 683 1172 762 usurpatum
1194 677 1298 760 fuerit,
1324 679 1405 761 quin

250 779 426 849 Menander
448 785 608 847 oratorem
629 779 721 845 illum
743 778 884 845 Atticum
906 776 1119 862 significatum
1139 778 1286 845 uoluerit.
1309 779 1403 847 Com·

249 883 404 967 probasse
428 886 534 949 autem
564 880 615 946 bis
636 881 774 948 Meierus
803 880 866 947 sibi
893 880 1019 947 uidetur
1046 878 1134 965 apud
1155 880 1304 947 Plautum
1325 901 1404 948 eun-

251 985 324 1052 dem
346 984 436 1050 illum
458 985 641 1069 Lycurgum
663 979 913 1065 intellegendum
934 979 1046 1065 esse.¹)
1080 980 1191 1064 Pergit
1212 982 1297 1048 enim
1318 982 1404 1050 buno

249 1088 283 1153 in
305 1084 449 1152 modum:

334 1182 487 1273 ‘Lycurgi
509 1186 696 1252 memoriam
718 1185 807 1270 apud
828 1183 1036 1252 Menandrum
1051 1189 1208 1269 repertam
1230 1202 1403 1265 quemnam

252 1287 286 1353 in
300 1287 437 1380 'modum
453 1286 586 1354 Plautus
602 1288 735 1371 eiusque
751 1287 904 1369 aequales
926 1285 1151 1368 intellexerint,
1174 1292 1209 1352 ut
1229 1285 1343 1352 inutile
1358 1287 1404 1352 ad
1420 1329 1422 1338 ,

252 1388 480 1472 quaerendum,
501 1389 547 1453 ita
570 1389 700 1456 difficile
724 1396 773 1456 est
801 1388 844 1455 ad
857 1369 1120 1471 diiudicandum,
1151 1386 1192 1453 de
1214 1406 1272 1454 suo
1295 1394 1403 1454 autem

252 1491 402 1576 Spartani
423 1490 564 1575 Lycurgi
585 1492 772 1558 memoriam
800 1490 965 1557 eominus
993 1487 1147 1554 credibile
1177 1492 1224 1554 est
1252 1488 1403 1555 Plautum

251 1592 422 1676 adiecisse,
456 1612 518 1675 quo
550 1593 724 1676 procliuius
754 1596 823 1658 erat
855 1595 965 1675 aptum
998 1590 1177 1656 Romanum
1210 1608 1306 1671 quam
1338 1611 1404 1657 non

251 1701 361 1782 aptum
391 1695 548 1762 Graecum
575 1715 692 1761 nomen
719 1694 929 1778 interponere.
980 1690 1128 1773 Accedit,
1159 1711 1221 1774 quo
1250 1712 1301 1759 res
1330 1703 1404 1759 con·

250 1795 354 1862 licitur
376 1815 496 1878 paene,
520 1795 604 1875 quod
628 1795 763 1878 palliata
786 1794 999 1860 Romanorum
1022 1792 1189 1858 comoedia
1210 1793 1307 1878 plane
1329 1795 1404 1859 atti-

251 1887 408 1963 cissabat.'

335 1996 420 2062 Illud
441 1995 546 2080 igitur,
569 1994 602 2060 in
624 2014 687 2077 quo
717 1995 815 2062 totius
837 1992 1032 2077 quaestionis
1063 2012 1188 2059 summa
1216 1995 1323 2079 posita
1344 2002 1403 2081 est,

251 2097 359 2161 incole
381 2096 424 2161 od
445 2096 654 2182 quaerendum
677 2117 749 2165 esse
764 2098 934 2164 arbitratus
957 2096 1123 2180 explorare
1141 2095 1279 2163 Meierus
1294 2117 1403 2182 super·

250 2200 343 2268 sedit.
388 2202 438 2266 An
462 2199 588 2282 dubitas
621 2220 698 2266 num
720 2219 850 2267 necesse
871 2199 928 2280 sit,
959 2215 1166 2279 quaecunque
1196 2198 1345 2280 legantur
1371 2198 1404 2264 in

251 2303 363 2369 fabula
385 2321 405 2367 a
427 2303 510 2368 bono
532 2307 630 2385 poeta
652 2301 843 2387 composita,
873 2319 913 2367 ea
935 2304 967 2365 et
987 2298 1182 2364 intellexerit
1202 2298 1271 2383 ipse
1294 2305 1406 2367 unctor

253 2410 286 2470 et
307 2403 495 2485 intellegere
518 2402 680 2486 potuerint
702 2400 919 2486 spectatores?
943 2399 1035 2478 Quod
1056 2400 1118 2465 nisi
1141 2407 1308 2482 utrumque
1330 2420 1404 2467 con·

251 2504 385 2586 tigerat:
415 2502 511 2585 cedo,
539 2508 645 2568 utrum
668 2503 815 2567 Plautum
844 2500 903 2565 tibi
930 2499 1026 2584 fingis
1054 2507 1144 2568 tanta
1164 2503 1264 2570 inisse
1285 2502 1406 2586 ingenii

253 2602 483 2686 imbecillitate,
505 2609 549 2688 ut,
572 2621 780 2688 quaecunque
807 2602 982 2669 inuenisset
1010 2601 1044 2667 in
1071 2621 1188 2684 graeco
1217 2603 1404 2689 exemplari,

252 2706 297 2772 nil
321 2723 444 2787 curans,
467 2704 544 2785 quid
560 2723 707 2787 quaeque
722 2724 773 2773 res
787 2703 923 2771 haberet
940 2702 1180 2787 significationis
1195 2713 1252 2772 aut
1263 2711 1405 2790 potesta-

196 2823 201 2836 ·
254 2809 304 2891 tis,
327 2815 449 2875 temere
471 2806 578 2874 latinis
597 2807 808 2892 perscriberet
829 2805 945 2888 uerbis,
968 2825 1010 2870 an
1027 2811 1116 2872 tanta
1138 2807 1293 2892 patientia
1314 2827 1405 2892 spec-

252 2917 383 2993 tatores,
406 2917 451 2992 ut,
474 2928 607 2991 quorum
636 2927 764 2975 sensum
794 2905 1001 2974 nullomodo
1029 2905 1162 2988 adsequi
1191 2913 1336 2992 possent,
1366 2929 1406 2976 ea

252 3013 287 3078 in
310 3029 427 3078 scaena
449 3011 582 3076 recitata
604 3009 755 3076 admirati
776 3015 883 3074 tamen
904 3004 1132 3075 conlaudarent
1151 3009 1335 3088 clarumque
1357 3010 1404 3074 ia·
1499 3036 1502 3046 ·

252 3111 349 3178 bulae
379 3111 527 3196 plausum
555 3110 690 3175 darent?
718 3111 766 3176 Ac
794 3130 836 3175 ne
858 3107 1001 3192 difficilia
1022 3109 1145 3192 quidem
1168 3103 1210 3172 a'd
1230 3109 1406 3175 diiudican-

254 3213 328 3275 dum
350 3218 399 3280 est
421 3211 565 3293 quaestio
586 3210 652 3294 illa.
696 3211 758 3276 Pro
781 3216 866 3276 certo
890 3210 975 3277 enim
1002 3208 1170 3277 adfirmare
1195 3211 1270 3278 licet
1299 3211 1407 3280 breuis

253 3316 318 3380 ista
339 3313 474 3382 oratoris
497 3313 661 3381 cuiusdam
685 3311 782 3379 Attici
810 3309 999 3396 significatio
1027 3311 1104 3393 quid
1132 3313 1193 3396 sibi
1222 3314 1320 3380 uellet
1341 3314 1403 3381 Ro-

252 3435 326 3482 mae
347 3414 436 3481 nullo
458 3415 553 3482 modo
575 3413 720 3500 intellegi
742 3412 893 3498 potuisse.
938 3412 1035 3479 (iuius
1065 3414 1152 3496 quod
1178 3416 1289 3482 luisset
1314 3415 1404 3500 inge·

252 3517 341 3583 nium
364 3517 459 3597 quiue
481 3537 585 3584 mores
613 3516 642 3583 si
671 3515 810 3598 quinque
833 3513 984 3581 decemue
1010 3515 1104 3583 annis
1130 3523 1300 3601 postquam
1322 3537 1403 3584 mor-

255 3626 328 3686 tuus
351 3621 420 3684 erat
442 3616 654 3685 Athenienses
683 3617 836 3684 memoria
857 3615 1022 3682 tenebant:
1051 3618 1129 3700 quid
1156 3618 1240 3684 istnc
1266 3618 1310 3684 ad
1337 3637 1404 3700 eos,

253 3720 308 3802 qui
330 3720 452 3786 Romae
475 3723 600 3784 centum
623 3727 656 3784 et
677 3719 808 3804 triginta
822 3719 888 3785 fere
909 3718 1002 3785 annis
1022 3724 1095 3801 post
1109 3719 1236 3786 fabulas
1251 3725 1307 3786 aut
1328 3720 1404 3787 scri·

253 3821 374 3887 bebant
392 3825 450 3887 aut
466 3820 676 3906 spectabunt?

342 3975 365 4036 1)
387 3970 464 4024 Hane
487 3970 647 4026 sententiam
669 3970 728 4024 sine
750 3971 807 4025 ulla
828 3969 936 4039 quidem
958 3975 1177 4038 argumentorum
1200 3968 1404 4025 confirmations

126 4111 131 4122 ,
257 4057 440 4124 proposuerat
456 4055 597 4124 Nissenus,
615 4055 648 4110 dc
665 4054 785 4125 Lycurgi
803 4054 918 4111 oratoris
936 4055 994 4110 uita
1010 4071 1036 4125 p.
1053 4059 1092 4109 ll.
