3092 4756
224 323 287 386 182
618 322 794 380 Gualthsrius
812 321 985 378 Brachmanu

224 517 300 582 pag.
325 495 379 582 14)
399 497 476 563 illuc
497 495 664 564 rettulerat
675 494 708 579 ¹),
730 495 850 580 optime
872 493 1005 578 eogitari
1024 491 1178 578 possead
1201 494 1379 564 orationem

225 599 388 681 quandam
403 595 603 665 Cassandrae
617 597 651 663 in
666 596 834 664 Naeuiana
847 596 906 662 illa
916 595 1027 660 tabula
1042 601 1172 680 poetam
1187 597 1379 683 respexisse,

226 702 262 768 id
273 699 360 784 quod
370 700 506 768 suadere
515 697 661 765 uideatur
671 698 852 765 simillimus
863 695 1080 781 Tryphiodori
1094 697 1183 763 loous
1195 717 1225 763 u.
1238 702 1380 782 395sqq.

223 804 276 870 Ab
298 802 401 868 Ennio
423 805 591 888 praeterea
612 798 820 886 repetendam
842 817 912 866 esse
934 801 1102 878 πτωχείας
1130 798 1221 865 illam
1242 819 1380 868 comme·

224 904 446 986 montionem,
470 922 564 986 quam
593 900 851 968 retractatoribus
879 918 937 966 nos
959 899 1144 984 tribuimus,
1173 901 1381 984 Ludewigius

224 1006 368 1074 coniecit.
412 1005 525 1087 Neque
554 1003 683 1069 obstare
706 1000 882 1083 'quiequam
914 1002 1082 1082 quominus
1108 1003 1261 1070 Hecubae
1288 1005 1381 1070 illam

225 1109 413 1190 orationem,
436 1109 519 1188 quse
542 1109 591 1171 est
611 1103 645 1169 in
665 1101 840 1187 Euripidae
861 1103 973 1169 tabula
994 1123 1060 1170 au.
1077 1107 1137 1169 229
1154 1104 1285 1190 ad2953
1301 1126 1379 1190 pau·

227 1213 295 1277 lum
316 1211 452 1278 fortasse
474 1207 675 1273 immutatam
696 1204 730 1269 in
751 1222 841 1271 suam
865 1202 1026 1268 Hecubam
1049 1205 1246 1274 transtulisse
1269 1207 1379 1274 creda·
1435 1185 1441 1199 ⁴

227 1331 299 1378 mus
320 1309 457 1378 Ennium
478 1305 675 1374 Ribbeekius
697 1305 791 1372 docet
812 1305 851 1368 da
873 1316 955 1389 trop.
978 1327 1056 1370 rom.
1080 1328 1110 1392 p.
1139 1311 1208 1374 143.

206 1457 210 1466 ·
309 1413 472 1494 Ceterum,
493 1413 528 1475 ut
550 1407 593 1474 ad
608 1407 749 1473 Troiana
762 1407 820 1474 illa
841 1407 909 1473 lata
923 1413 1080 1474 reuertar:
1103 1409 1190 1489 quod
1211 1427 1295 1491 quae
1310 1410 1378 1475 uul-

226 1514 364 1599 gabatur
386 1512 428 1580 de
448 1510 551 1577 Troili
573 1515 674 1575 morte
695 1510 791 1592 lama,
813 1509 856 1574 ab
878 1529 918 1576 ea
931 1510 1026 1576 huius
1048 1511 1095 1576 rei
1109 1509 1271 1593 memoria,
1294 1528 1379 1591 quae

229 1617 292 1682 hoc
321 1614 471 1682 Plautino
498 1614 569 1680 loco
598 1610 809 1695 significatur,
846 1610 1043 1693 aliquantum
1073 1612 1218 1695 diuersa,
1246 1611 1280 1678 in
1308 1630 1380 1677 eam

225 1723 352 1802 partem
374 1716 470 1800 ualet,
492 1720 528 1782 ut
550 1713 628 1780 belli
650 1711 740 1778 initio
762 1711 891 1779 Troilus
913 1712 954 1778 ab
975 1713 1102 1778 Achille
1117 1713 1301 1780 interfectus
1322 1713 1379 1779 sit:

225 1819 333 1888 uarias
362 1817 492 1885 fabulae
520 1815 607 1882 illius
628 1813 893 1880 conformationes
922 1812 1016 1880 docte
1046 1814 1194 1900 exposuit
1220 1814 1377 1883 Kiesslin·

223 1923 297 2005 gius
312 1921 333 1988 l.
349 1921 370 1987 l.
385 1941 417 2005 p.
432 1921 542 1999 ldsq.;
561 1914 623 1980 nisi
637 1913 723 1996 quod
745 1933 828 1997 qnae
843 1913 887 1980 ad
901 1933 1051 1998 graecam
1064 1915 1156 1981 illam
1171 1903 1379 2000 tragoediam,

224 2040 323 2102 quam
345 2041 366 2086 a
386 2018 560 2085 Menandro
583 2017 766 2083 uellicatam
790 2015 832 2081 ab
854 2014 1023 2098 Ennioque
1045 2037 1172 2084 uersam
1193 2016 1300 2102 fingit,
1321 2017 1379 2084 ille

224 2121 357 2205 rettulit,
381 2121 488 2189 uerius
510 2140 550 2188 ea
564 2118 676 2185 autad
690 2118 806 2185 Naeuii
821 2116 944 2201 Equam
971 2119 1143 2182 Troianam
1153 2122 1209 2185 aut
1224 2118 1265 2184 ad
1281 2117 1380 2186 aliam

226 2224 390 2306 quandam
413 2220 611 2307 tragoediam
633 2219 768 2287 latinam
788 2217 971 2285 referemus.

311 2325 473 2393 Addeuda
494 2342 598 2408 pauca
619 2326 692 2389 sunt
715 2320 756 2388 de
779 2319 872 2388 tertio
893 2323 969 2388 istc.
1013 2317 1178 2387 Proditam
1201 2320 1286 2388 enim
1309 2340 1380 2390 esse

225 2449 247 2492 a
276 2427 438 2494 nonnullis
466 2424 600 2493 eumin
629 2422 759 2491 modum
788 2420 829 2487 de
858 2441 941 2506 equo
969 2421 1076 2506 ligneo
1105 2422 1235 2505 famam,
1265 2426 1300 2488 ut
1321 2443 1381 2508 per

120 2605 123 2612 ,
227 2527 367 2594 dirutam
389 2527 494 2611 ipsam
516 2531 642 2612 portam
663 2523 806 2590 inuectus
827 2521 1017 2606 fingeretur,
1046 2522 1242 2608 intellegitur
1263 2544 1282 2590 e
1303 2523 1379 2590 Ver-

224 2631 281 2714 gil.
304 2629 384 2697 Aen.
406 2629 439 2694 ΙΙ
461 2632 523 2693 242
538 2647 601 2711 sq.:
625 2671 729 2693 .....
753 2622 871 2704 Quutpr
893 2625 961 2708 ipso
984 2624 1017 2686 ira
1039 2623 1144 2687 limiae
1161 2635 1278 2708 portae
1299 2623 1380 2688 sao-

223 2733 308 2796 str‘tit
327 2741 421 2818 atquc
441 2739 532 2794 utero
553 2729 687 2792 sonitum
710 2736 823 2810 quator
845 2746 934 2789 orma
965 2723 1081 2788 dedara
1091 2725 1117 2809 ²)
1145 2725 1280 2792 conlutis
1307 2746 1380 2794 cum

226 2855 258 2901 ιι.
275 2837 355 2920 2343
385 2832 501 2915 quibus
529 2829 614 2897 adde
641 2825 817 2913 Tryphiod.
847 2846 876 2893 u.
893 2830 955 2892 336
970 2845 1052 2910 sqq.,
1074 2826 1309 2911 Palaephatum
1337 2827 1380 2896 de

224 2935 345 3003 incred.
376 2954 404 3002 o.
433 2933 527 3000 XVIl
555 2930 729 3016 (Mythogr.
757 2950 803 3016 gr.
824 2947 898 3013 pag.
921 2930 983 2994 283
1005 2927 1206 3012 Westerm.);
1229 2928 1380 3012 idemque

223 3035 367 3104 indicare
398 3035 526 3103 uidetur
557 3033 651 3101 huius
684 3031 731 3097 rei
765 3031 873 3113 imago
901 3029 935 3096 in
971 3028 1082 3096 infima
1112 3036 1206 3114 parte
1241 3030 1381 3094 Tabulae

225 3136 348 3200 Iliacae
370 3138 516 3218 seruata,
538 3139 650 3217 aperte
671 3138 747 3198 ante
768 3132 876 3198 oeulos
898 3132 989 3216 ponit
1009 3130 1225 3217 sarcophagus
1247 3130 1378 3214 quidam

225 3241 486 3324 repraesentatus
507 3235 540 3300 in
561 3232 676 3296 Marcu.
704 3229 807 3318 (laon.
829 3234 846 3297 Ι
867 3233 933 3298 tab.
963 3237 1003 3297 54
1032 3253 1116 3300 uum.
1151 3237 1207 3297 147
1232 3239 1264 3299 et
1291 3232 1380 3319 apud

225 3338 399 3407 chricum
421 3335 687 3423 Heydemannum
709 3332 877 3416 [lioperto
899 3333 965 3418 aus
985 3336 1072 3398 azaer
1099 3333 1302 3398 Trialsalale
1324 3333 1381 3396 dcs

224 3440 358 3524 Brygos
380 3438 499 3522 (Berol.
522 3459 551 3506 a.
577 3433 672 3522 1866)
696 3434 760 3501 tub.
784 3435 825 3500 11.
841 3433 894 3518 fig.
911 3439 939 3518 3,
963 3435 1002 3501 cf.
1019 3434 1096 3512 ibid.
1112 3455 1185 3520 pag.
1198 3439 1249 3502 32.
1285 3435 1380 3502 Veri-

227 3541 333 3610 simile
361 3539 458 3620 igitur
487 3545 537 3607 est
563 3539 647 3606 hanc
673 3539 776 3623 ipsam
806 3536 936 3603 fabulae
963 3536 1097 3603 formam
1125 3537 1284 3604 Naeuium
1311 3556 1379 3602 am-

226 3644 360 3730 plexum
382 3659 463 3708 esse.
492 3641 578 3708 Nam
600 3661 618 3708 e
640 3637 754 3707 ceteris
776 3638 855 3706 certi
876 3632 956 3706 nihil
979 3638 1115 3721 adsequi
1130 3638 1216 3721 licet,
1238 3657 1308 3704 cum
1323 3641 1380 3702 aut

109 3755 111 3762 ’
225 3746 284 3812 illa
305 3763 358 3812 res
373 3761 502 3827 prorsus
517 3742 637 3809 omissa
651 3740 692 3808 sit
703 3741 792 3809 uelut
802 3739 890 3826 apud
899 3741 1073 3808 Homerum
1085 3737 1255 3825 (Odyssd
1272 3759 1302 3806 u.
1316 3742 1379 3804 500

226 3917 430 3928 --—--.—--

315 3983 339 4045 l)
358 3979 400 4036 cf.
419 3980 543 4036 Seruium
560 3978 589 4034 ln
606 3977 674 4032 Aen.
684 3976 778 4030 11241.

312 4067 339 4130 2)
358 4064 397 4120 cl.
417 4064 577 4122 Seruianam
594 4062 675 4118 huius
692 4061 746 4117 loci
762 4057 1021 4130 interpretationem.
