3080 4748
341 312 393 367 -De
410 311 576 368 Bacchidum
593 310 736 366 Plautinae
752 309 946 366 retractatione
964 310 1098 390 scaenica.
1253 305 1292 371 63

146 483 476 567 conatos'recoxisse‚
499 500 582 564 quae
603 483 800 549 subobscura
819 482 956 550 fortasse
977 481 1183 549 excultioriue
1204 503 1293 568 grae·

146 585 427 656 cissantisaetatis
439 583 620 670 elegantiae
635 603 746 668 parum
758 583 929 651 artificiosa
943 583 1125 652 uiderentur
1136 583 1168 669 ¹),
1183 602 1293 668 saepe-

145 710 277 758 numero
307 688 444 768 denique
472 691 600 771 praeter
631 691 736 752 certae
764 686 895 754 rationis
923 686 1146 754 necessitatem
1173 685 1293 768 aliquid

146 791 313 858 sustulisse
335 789 501 869 liberoque
523 786 654 853 arbitrio
678 785 718 853 dc
740 805 797 854 suo
821 786 976 871 quidquid
1004 787 1119 854 liberet
1140 786 1295 854 Plautinis

110 969 114 974 ,
147 891 355 978 adspersisse.

231 1011 301 1090 §a
344 1009 414 1074 Iam
436 1012 571 1091 apparet
592 1005 662 1072 fieri
683 1006 739 1072 uix
761 1006 920 1091 potuisse,
950 1006 1026 1088 quin
1048 1007 1150 1088 magis
1178 1005 1293 1089 magis

146 1131 209 1195 que
223 1111 305 1177 inter
319 1127 355 1175 se
371 1107 586 1193 discrepantia
600 1106 780 1174 fabularum
800 1107 928 1174 illarum
950 1109 1148 1197 exemplaria
1169 1107 1294 1175 histrio-

145 1234 221 1281 num
243 1213 277 1279 in
298 1201 445 1277 manibus
472 1213 683 1275 uersarentur.
731 1208 822 1276 Unde
851 1229 922 1276 cum
950 1208 1084 1276 fluerent
1112 1216 1295 1296 emergente

146 1335 218 1382 sero
234 1313 363 1399 quidem
376 1314 497 1379 Romae
513 1311 702 1396 optimarum
718 1310 833 1377 artium
848 1310 954 1377 studio
969 1310 1179 1377 litteratorum
1194 1310 1293 1377 homi-

145 1436 222 1482 num
240 1412 439 1499 exemplaria
449 1411 476 1496 ²)
497 1411 629 1480 adscitis
644 1431 686 1478 ex
701 1411 849 1479 diuersae
870 1415 965 1479 notae
987 1411 1115 1479 schedis
1137 1431 1293 1495 quaeeun-

147 1537 208 1600 que
230 1513 447 1583 ocmmendari
468 1513 653 1580 uiderentur
665 1511 728 1598 filo
751 1523 844 1598 atque
856 1512 984 1596 socetr‘a
1005 1505 1158 1576 sarmosia
1178 1513 1305 1578 Plauto.

146 1619 346 1700 congruentis
355 1615 381 1700 ³)
402 1611 649 1700 supplementis:
672 1613 831 1698 quomodo
846 1615 916 1681 fieri
932 1615 1079 1700 potuerit,
1101 1622 1136 1681 ut
1158 1619 1190 1681 et
1212 1618 1294 1683 eius-

146 1719 220 1786 dem
237 1716 415 1801 argumenti
430 1716 538 1802 plures
551 1715 584 1780 iu
599 1735 695 1782 unam
711 1716 927 1783 recensionem
946 1717 1161 1802 reciperentur
1183 1736 1294 1785 uersus

146 1828 179 1888 et
194 1819 325 1903 quidam
341 1817 494 1904 duplicati
509 1817 634 1903 generis
656 1816 689 1884 in
711 1817 784 1884 aliis
807 1816 1044 1904 exemplaribus
1059 1817 1292 1886 circumferren-

145 1926 204 2004 tur,
228 1921 270 1988 ab
292 1919 365 1985 aliis
387 1921 553 2002 abessent,
575 1939 668 1986 nemo
690 1939 754 1985 non
775 1918 873 1986 uidet.
917 1921 966 1987 Ac
987 1941 1028 1987 ne
1049 1918 1171 1985 mireris
1193 1937 1293 2002 prauo

144 2019 263 2088 iudicio
278 2020 503 2104 grammaticos
516 2021 590 2087 illos
611 2020 643 2085 in
665 2041 761 2087 unam
783 2021 939 2088 sermonis
960 2019 1198 2088 continuitatem
1220 2039 1293 2087 con·

145 2123 284 2208 gessisse
298 2121 453 2205 gemellas
471 2127 579 2204 partes
601 2119 647 2186 ita
669 2121 865 2204 constitutas,
888 2127 923 2187 ut
944 2122 1069 2188 adscita
1090 2122 1192 2188 altera
1214 2121 1291 2186 alte

145 2244 214 2290 ram
236 2228 415 2289 auersetur:
438 2220 564 2306 insigne
581 2222 643 2287 arti
665 2241 773 2287 eorum
795 2221 990 2307 praesidium
1011 2227 1158 2306 paratum
1181 2227 1229 2288 est
1251 2222 1292 2288 ab

144 2325 261 2392 illustri
275 2323 332 2390 illo
350 2324 420 2389 loco
436 2322 630 2390 Suetonianc
642 2324 669 2408 ⁴)
692 2343 775 2391 auno
795 2327 874 2390 1845
897 2343 915 2390 e
938 2323 1047 2391 codice
1070 2321 1210 2406 quodam
1232 2324 1291 2388 Pa·

144 2426 241 2494 risino
257 2444 277 2490 a
291 2423 414 2491 Theod.
430 2423 571 2509 Bergkio
592 2423 730 2510 primum
753 2423 885 2509 editor),
907 2423 992 2492 unde
1014 2424 1210 2492 intellectum
1233 2429 1291 2509 est,

143 2529 225 2596 sicat
246 2524 481 2593 Alexandrinos
504 2528 783 2608 Pergamenosque
806 2528 1040 2612 grammaticos,
1064 2526 1110 2592 ita
1130 2527 1291 2593 Romanos

144 2630 254 2697 solitos
270 2627 369 2694 fuisse
386 2627 481 2694 certis
503 2626 613 2694 notis
636 2627 815 2711 criticis,
838 2646 971 2710 quarum
993 2628 1161 2714 multiplex
1182 2629 1290 2714 longe·

144 2751 205 2815 que
220 2728 448 2797 subtilissimus
464 2733 632 2810 motusue,
655 2732 798 2794 ueterum
819 2733 985 2813 poetarum
1006 2729 1291 2810 historicorumque

143 2832 242 2899 libros
265 2828 470 2912 distinguere.
508 2828 603 2894 Velut
626 2822 676 2917 ·>“<·
696 2828 882 2894 asteriscum
903 2829 943 2895 iis
965 2830 1169 2915 apponebant
1193 2830 1289 2896 uersi-

143 2934 212 3015 bus,
235 2932 292 3016 qui
307 2930 340 2992 ia
354 2928 413 2993 boo
435 2926 554 3014 (recte)
575 2928 645 2992 loco
663 2930 767 3013 positi
785 2940 884 3004 amant,
908 2951 975 2993 mam
998 2930 1070 2992 aliia
1089 2931 1209 2993 scilicet
1229 2950 1291 2994 noa

142 3043 227 3097 recte
244 3040 455 3117 paneraston
486 3031 518 3097 in
541 3030 629 3098 hisce
650 3051 758 3099 rursus
781 3031 830 3115 ·><·
851 3031 1067 3099 -asterisco
1096 3052 1167 3098 eum
1196 3033 1290 3100 obelo

142 3135 329 3217 atcbantur;
352 3131 399 3218 χ·
424 3132 606 3199 ceraunium
622 3133 807 3218 ponebatur,
830 3135 972 3218 quorr'eoo
993 3134 1085 3197 muts
1102 3153 1212 3197 nermo
1233 3137 1290 3198 im-

230 3287 253 3346 lt
271 3280 312 3336 cf.
329 3279 505 3336 Goetzianam
523 3282 774 3337 commentationem
792 3298 817 3352 p.
836 3286 895 3338 252.

228 3369 254 3432 2)
273 3365 314 3420 Cf.
332 3364 473 3421 Ritschelii
490 3365 562 3421 Nou.
580 3367 694 3422 Excurs.
713 3384 739 3438 p.
760 3371 816 3433 109,
836 3367 941 3422 Goetaii
958 3365 1175 3423 dissertationem
1192 3385 1218 3437 p.
1232 3372 1289 3423 lto.

228 3455 253 3518 3)
271 3449 358 3518 Quam
376 3465 497 3506 normam
515 3449 664 3506 Varronem
686 3451 722 3507 ad
744 3451 865 3521 ipsarum
888 3451 1043 3506 fabularum
1065 3451 1290 3509 existimationem

141 3535 296 3591 adhibuisse
315 3534 417 3590 Gellius
434 3534 474 3588 111
488 3539 537 3602 3‚3
555 3535 647 3603 refert,
666 3535 776 3591 eandem
794 3536 964 3606 potissimum
982 3537 1140 3592 ueterrimos
1158 3536 1218 3593 illos
1237 3539 1289 3593 eri·

140 3620 210 3676 ticos
228 3623 338 3675 secutos
356 3634 416 3675 esse
433 3625 644 3675 consentaneum
661 3627 703 3676 est
720 3621 748 3675 in
771 3620 956 3688 diiudicando‚
982 3620 1148 3690 singularum
1171 3623 1289 3691 partium

141 3705 169 3759 in
181 3703 314 3760 scaenicis
325 3703 379 3758 illis
392 3704 589 3774 exemplaribus
606 3704 712 3760 diuerso
729 3705 891 3760 traditarum
908 3720 977 3773 quae
994 3721 1106 3774 prorsus
1124 3705 1288 3774 obiciendae,

141 3804 210 3858 quae
227 3787 406 3853 confidenter,
429 3787 585 3843 dubitanter
602 3788 718 3856 denique
735 3803 805 3857 quae
821 3788 850 3843 in
867 3790 1054 3845 Plautinorum
1075 3793 1229 3845 contextum
1244 3805 1288 3846 re·

141 3873 278 3942 oipiendae
294 3871 459 3927 uiderentur.

226 3962 252 4024 4)
268 3957 376 4026 Fragm.
397 3961 444 4011 108
462 3955 675 4022 Reifferscheid,
692 3971 718 4026 p.
740 3961 871 4012 137-141
891 3958 1016 4014 editionis
1033 3973 1058 4014 a.
1078 3962 1150 4013 1860.

226 4045 251 4110 ⁵)
268 4040 365 4096 Diurn.
382 4041 466 4110 antiq.
486 4041 556 4096 stud
574 4056 599 4097 a.
621 4045 686 4097 reta
703 4058 731 4113 p.
750 4045 871 4098 85-88.
