3092 4756
335 335 378 390 De
394 335 564 390 Bacchidnm
580 335 723 390 Plautinae
740 336 935 393 retractatione
952 337 1087 392 scaenica.
1222 335 1283 397 169

126 515 220 574 tuere
241 506 387 590 dixisset,
409 505 452 573 ad
474 525 615 572 sororem
636 507 878 599 iam-conuersa
900 515 1006 576 tamen
1027 517 1168 577 metuere
1183 510 1283 578 fatea-

12 621 13 698 3
125 617 188 692 tur,
213 609 282 675 sine
303 628 345 674 ne
367 609 409 674 ab
431 610 513 674 irato
528 627 605 675 sene
626 609 766 694 napulet,
789 607 857 674 siue
872 627 912 674 ne
927 611 1043 675 frustra
1058 616 1188 678 conetur
1210 631 1283 680 eum

126 710 336 777 labefactare.
361 709 440 789 ‚Oui
468 711 736 794 opportunissime
762 710 961 777 subiunxerit
989 712 1091 778 altera
1113 734 1202 780 mox:
1232 713 1283 777 bic

12 833 13 842 ¹
127 813 230 894 caepis
245 811 435 896 tranquillae
449 803 512 878 cst?
538 813 645 894 Atque
659 813 714 880 ille
730 811 859 895 quidem
874 811 960 892 quod
974 831 1038 878 non
1053 832 1168 880 uacare
1184 815 1282 882 offen-

127 913 220 980 sione
242 913 306 979 ista
321 913 422 980 uerba
440 913 573 996 putauit,
589 914 779 997 rectissima
803 933 867 996 qua
888 913 1112 981 emendatione
1135 915 1283 983 offensio·

127 1035 205 1081 nem
225 1014 386 1081 remoueri
407 1014 470 1080 sibi
492 1013 659 1098 persuasit,
680 1035 794 1098 parum
811 1016 945 1082 feliciter
965 1036 1038 1082 meo
1058 1016 1187 1099 quidem
1202 1017 1283 1084 iudi·
1388 1049 1394 1056 ·

128 1117 189 1183 cio.
234 1116 380 1183 Eandem
408 1121 515 1182 autem
545 1120 577 1180 et
605 1115 676 1181 uitii
705 1117 997 1201 comprobationem
1028 1119 1130 1186 et'de
1156 1118 1284 1185 medela

128 1216 307 1284 adferenda
335 1216 550 1284 coniecturam
583 1237 684 1300 nuper
718 1218 873 1301 prompsit
899 1219 1130 1303 Ussingius.
1182 1220 1284 1287 Addit

129 1327 254 1386 tamen:
271 1313 431 1384 “Bacchis
453 1317 533 1384 haec
559 1317 637 1384 dicit
658 1318 851 1386 Nicobulum
873 1324 936 1384 aut
949 1340 1056 1404 pugno
1079 1328 1135 1388 aut
1156 1322 1283 1388 sublato

130 1422 246 1488 baculo
269 1420 331 1486 sibi
352 1420 526 1486 minantem
554 1419 666 1486 timere
695 1439 731 1486 se
760 1419 929 1502 simulans;
958 1421 1018 1488 sed
1039 1422 1213 1489 uerisimile
1235 1429 1283 1489 est
1309 1509 1311 1512 Ι

129 1529 205 1591 ante
227 1522 311 1588 haee
332 1518 490 1588 excidisse
512 1521 620 1586 minax
643 1520 775 1604 aliquod
796 1519 946 1587 Nicobuli
971 1515 1120 1589 uerbum?
1161 1523 1227 1590 Sed
1249 1531 1284 1590 ut

12 1643 13 1734 ξ
130 1625 305 1710 largiamur
326 1643 385 1708 per
406 1642 442 1690 sc
463 1621 538 1688 ferri
559 1642 654 1707 posse
682 1622 790 1704 ahquo
820 1621 915 1690 modo
941 1624 993 1691 nel
1015 1623 1080 1690 tale
1102 1643 1213 1691 uersus
1235 1625 1284 1688 IX

130 1727 401 1812 supplementum:

12 1853 13 1864 ἶ
129 1889 377 1964 <Iaracopama
398 1892 473 1961 faxo
491 1906 542 1961 eqo
559 1891 681 1946 sensere.
709 1891 809 1960 arcs>
833 1891 882 1961 nr,
906 1891 972 1947 mur
988 1892 1088 1949 metuo.
1125 1893 1208 1949 son:
1231 1892 1284 1948 me

747 1975 831 2044 magis
850 1978 1036 2046 tranquillnst:

12 2127 13 2130 ’
132 2133 188 2214 qni
199 2130 390 2201 conuenient
403 2129 485 2197 haec
500 2145 572 2197 cum
587 2130 731 2197 eiusdem
743 2129 892 2197 Nicobuli
906 2130 946 2197 iis
962 2131 1078 2215 uerbis,
1095 2151 1178 2214 quae
1192 2153 1282 2216 prae-

12 2313 13 2318 ,
130 2234 260 2301 cedunt:
293 2232 334 2296 Ut
354 2231 608 2316 blandiloquum?
637 2233 750 2316 Itaque
777 2235 810 2299 et
838 2231 919 2299 haec
948 2238 980 2297 et
1008 2236 1164 2316 temptata
1185 2235 1284 2300 illaa

12 2349 13 2360 ¹
130 2335 250 2402 criticis
272 2334 372 2403 uerba
392 2335 441 2398 Ec·
460 2333 539 2396 maizi
554 2343 657 2396 metuo
674 2334 851 2402 Philoxeno
874 2334 987 2420 tribuo,
1011 2335 1062 2400 cui
1083 2334 1284 2404 coniecturae

12 2483 13 2532 3
132 2438 230 2504 etiam
244 2437 325 2503 illud
347 2439 458 2504 fauere
479 2437 615 2518 uidetur,
639 2434 725 2519 quod
746 2436 855 2504 statim
877 2435 975 2503 Soror
996 2434 1081 2504 nudo
1096 2436 1147 2500 tic
1168 2459 1284 2523 prono-

130 2541 216 2606 mine
231 2539 445 2608 Philoxenum
466 2537 632 2622 significat.
676 2540 754 2604 Post
768 2539 855 2605 illius
876 2545 984 2606 autem
1006 2539 1107 2607 uerba
1126 2539 1306 2608 excidisse

130 2646 207 2726 puto
222 2640 394 2708 Bacchidis
417 2660 613 2726 responsum,
637 2639 725 2706 euius
748 2638 828 2706 haec
842 2641 909 2707 fere
924 2639 1022 2705 fuisse
1037 2646 1144 2724 potest
1158 2648 1282 2709 senten-

129 2743 192 2810 tia:
216 2743 286 2804 Iam
308 2743 472 2826 cycillum
495 2743 593 2827 oeque
612 2740 771 2824 placidum
791 2738 938 2823 reddam
962 2739 1077 2820 quibus
1100 2741 1194 2808 dictis
1213 2762 1285 2826 per·

130 2843 299 2910 commode
320 2840 429 2910 statim
451 2843 621 2927 adipsum
643 2841 834 2911 Nicobulum
857 2861 1011 2909 conuersa
1031 2842 1137 2926 pergit
1148 2841 1172 2923 ¹)
1196 2843 1285 2910 blan-

130 2945 199 3011 diri
215 2950 312 3027 atque
334 2965 441 3012 orare:
463 2945 488 3007 I
503 2944 563 3008 boc
584 2963 701 3006 mecum
724 2943 808 3005 intro
831 2963 857 3005 c.
874 2964 903 3026 q.
919 2966 944 3005 c.
975 2944 1137 3027 Ceterum,
1161 2943 1189 3008 si
1212 2946 1284 3027 quis

130 3046 251 3114 obiciat
272 3045 331 3112 illa
351 3048 399 3110 Bi
419 3046 497 3109 mili
516 3056 619 3109 metuo
646 3045 823 3112 modestius
845 3045 932 3113 dicta
954 3064 1026 3112 esse
1050 3065 1109 3130 pro
1132 3044 1201 3111 eius
1228 3045 1285 3112 ad·
1408 3105 1417 3115 ,

77 3192 80 3198 ,
129 3151 232 3230 iectu,
262 3148 317 3228 qui
339 3168 369 3215 u.
394 3151 604 3211 1155-1165
633 3147 715 3213 ultro
744 3166 816 3214 sese
846 3147 1028 3232 turpissimo
1058 3167 1167 3213 amore
1187 3149 1285 3231 plane

132 3256 262 3335 captum
285 3267 356 3316 esse
378 3251 483 3316 fassus
526 3248 578 3333 sit,
600 3269 675 3315 mox
697 3248 778 3314 nihil
799 3270 836 3316 se
858 3249 962 3334 magis
982 3266 1108 3332 cupere,
1131 3267 1227 3330 quam
1251 3255 1285 3314 nt

130 3351 231 3418 Soror
257 3351 359 3418 amori
388 3370 445 3418 suo
474 3371 595 3418 morem
622 3354 729 3436 gerat,
760 3351 830 3416 sine
853 3350 919 3415 nllo
942 3348 1065 3432 pudore
1087 3348 1284 3431 pronuntiet:

131 3452 292 3537 equidem,
313 3453 385 3520 'curn
406 3453 439 3520 in
461 3472 578 3520 scaena
599 3451 681 3518 haec
702 3455 881 3532 agerentur,
904 3448 983 3514 talia
1004 3448 1124 3515 nemini
1141 3450 1175 3516 in
1196 3472 1283 3519 men-

131 3562 196 3623 tem
217 3555 344 3621 nenisse
366 3559 458 3640 puto;
487 3554 544 3646 ubi
570 3552 782 3621 Philoxenum
810 3549 855 3616 ad
882 3555 1078 3635 spectatores
1106 3553 1206 3620 uerba
1226 3552 1285 3620 illa
1316 3591 1321 3597 ·

130 3678 195 3724 non
217 3657 287 3723 sine
308 3654 489 3722 uehementi
511 3655 620 3737 aliquo
641 3658 750 3736 gestus
772 3658 859 3719 motu
882 3650 1004 3739 dixisse
1025 3654 1177 3739 suspicor.

216 3757 354 3845 Omnino
376 3756 441 3824 dici
461 3756 573 3838 nequit
595 3752 810 3837 quantum-ad
830 3753 1063 3838 intellegendas
1081 3773 1136 3820 eas
1156 3753 1284 3836 potissi-

132 3879 225 3926 mum·
242 3878 386 3944 sacenae,
408 3858 441 3924 in
465 3857 580 3943 quibus
609 3877 673 3925 non
701 3855 816 3922 sedata
837 3857 977 3923 narratio
1006 3861 1061 3922 aut
1083 3853 1285 3940 deliberatio,
1309 3901 1313 3908 -

221 4083 245 4146 l)
262 4078 305 4132 Ita
323 4082 438 4146 apparet
456 4091 504 4132 cur
521 4090 576 4139 non
593 4077 685 4153 exstet
698 4080 762 4132 ante
778 4091 805 4132 u.
824 4075 850 4129 X
866 4072 1011 4129 Bacchidis
1029 4076 1102 4128 nota.
