3092 4756
304 266 347 321 Dc
364 265 531 322 Bacchidnm
549 265 693 321 Plautinae
710 268 904 324 retractatione
921 272 1054 327 scaenica.
1190 272 1249 333 135

183 440 384 506 Documento
400 443 448 504 est
464 435 516 503 hic
530 436 600 522 ipse
616 456 711 520 quem
728 438 823 504 modo
839 440 1055 508 mactabamus
1076 461 1249 514 scaenae

102 541 245 609 exitus.
283 539 348 606 Ubi
372 538 499 608 etiamsi
521 537 655 624 duplicis
678 540 875 620 quaestionis
897 560 980 624 quae
1000 543 1102 609 inerat
1124 544 1157 610 in
1179 564 1248 610 uer·

101 643 186 736 sibus
210 644 384 710 358-360.
405 638 639 706 incommodum
661 640 868 722 remouimus,
897 646 996 708 restat
1018 649 1125 710 tamen
1147 645 1248 729 ipsius

103 743 184 828 qnod
207 741 409 823 consequitur
431 760 482 808 uu.
503 745 670 806 361-365
693 741 837 824 responsi
859 761 976 826 anceps
998 748 1126 810 natura:
1157 745 1246 812 cuius

101 852 232 926 unaque
256 862 330 928 pars
353 848 472 924 quanto
495 841 601 926 aptius
622 861 680 926 per
702 861 736 908 se
759 843 829 909 sola
851 841 1020 926 consistat,
1051 846 1102 912 uel
1130 848 1246 913 extrin-

103 967 188 1014 secus
208 944 369 1012 indicatur
390 944 440 1010 bis
462 942 568 1026 posita
589 941 807 1009 interiectione
829 942 945 1028 hercle,
967 962 1030 1026 qua
1054 946 1181 1014 effertur
1205 967 1246 1016 01

103 1067 134 1112 se
154 1047 223 1114 sola
245 1053 324 1132 apta
346 1052 378 1113 et
398 1046 486 1131 prior
507 1049 538 1110 et
559 1042 717 1127 posterior
740 1041 922 1110 enuntiatio.
960 1045 1110 1113 Attamen
1132 1049 1245 1115 utrius-

105 1168 158 1230 que
181 1169 219 1216 ea
242 1147 431 1229 ostentus,
460 1152 496 1211 ut
517 1143 613 1212 ualde
634 1143 755 1227 ambigi
777 1145 893 1228 possit,
920 1152 992 1213 utra
1012 1148 1118 1230 potius
1140 1149 1245 1233 ipsum

103 1251 242 1318 Plautum
260 1253 422 1316 auctorem
436 1246 557 1313 habere
579 1244 741 1311 credenda
760 1245 816 1311 sit:
839 1245 879 1312 de
901 1247 1127 1332 interpolatore
1149 1250 1246 1336 igitur

103 1351 197 1418 inhis
218 1367 350 1437 prorsus
366 1346 535 1414 abicienda
557 1352 606 1412 est
627 1346 776 1431 suspicio.
814 1345 918 1424 Quare
940 1347 983 1413 ad
1005 1353 1243 1418 retractatorem

104 1453 274 1520 scaenicum
289 1449 395 1518 uerius
413 1449 599 1542 alterutrum
620 1466 768 1514 uersuum
790 1467 849 1533 par
870 1448 1043 1516 referentes
1064 1452 1111 1517 sio
1133 1450 1241 1518 discri-

106 1555 204 1620 bcmus
226 1559 388 1622 extremos
410 1549 503 1616 huius
525 1567 661 1615 scaenae
684 1566 808 1615 uersus:

544 1764 641 1819 liceo.
659 1765 684 1817 A
702 1769 735 1818 et
751 1764 782 1819 B.

243 1881 335 1942 Senax
351 1885 379 1938 in
396 1883 537 1952 Ephesum
554 1883 619 1938 ditet
636 1897 733 1938 aurum
750 1878 900 1937 arclsscrc:

241 1969 297 2024 Hic
314 1970 409 2023 ndstra
426 1972 522 2035 agetur
539 1965 615 2022 cates
631 1967 660 2021 in
677 1967 810 2047 malacum
826 1967 942 2034 modum,

242 2053 382 2121 Siquidem
399 2051 445 2106 hic
462 2052 596 2120 relinquet
612 2052 700 2120 neque
717 2065 807 2106 secum
825 2051 942 2106 abducat
959 2053 1047 2106 semul

241 2137 309 2191 Med
328 2134 355 2190 et
372 2135 577 2191 Mnesilochum.
605 2133 671 2204 quas
689 2149 738 2203 ego
756 2135 801 2190 hic
818 2137 913 2192 turbas
932 2135 1010 2191 dabo.

240 2223 297 2278 Sed
315 2222 379 2290 quid
395 2221 550 2287 futurumst,
569 2235 649 2287 quom
664 2220 718 2310 lrac
736 2234 819 2274 senex
835 2220 992 2276 recoluerit?

599 2387 673 2442 Rec.
693 2389 724 2441 Α.

242 2507 332 2564 Credo
349 2507 449 2573 hercle,
467 2507 613 2562 adueniens
632 2508 729 2564 nomen
747 2509 863 2563 mutabit
879 2508 945 2563 mihi

237 2593 390 2662 Facietque
407 2591 540 2660 extemplo
559 2591 726 2648 Crucisalum
743 2607 786 2647 me
804 2608 836 2648 ex
855 2591 992 2663 Chrysalo.

597 2760 674 2815 Rec.
692 2760 725 2814 B.

237 2878 379 2947 Auiigero
398 2877 497 2942 hercle,
516 2880 538 2931 sl
555 2878 639 2946 magis
658 2894 723 2934 usus
742 2875 861 2944 uanerit:

238 2965 266 3020 Si
283 2963 325 3019 illl
343 2968 405 3018 sunt
422 2963 515 3029 uirgae
532 2959 598 3027 riri,
617 2965 646 3016 at
663 2963 728 3017 milri
744 2965 848 3031 tergam
865 2961 970 3016 domist.

539 3130 636 3186 Recc.
656 3133 680 3184 Α
697 3135 729 3185 et
746 3129 777 3182 B.

237 3251 320 3308 Nunc
337 3239 475 3304 lbo:'crili
492 3245 550 3302 lilio
568 3248 640 3301 hanc
657 3243 786 3302 fabricam
804 3245 874 3301 dabo
1015 3293 1017 3298 .
1188 3255 1238 3312 366

236 3336 327 3405 Super
344 3337 411 3389 adro
430 3332 568 3400 amicaque
587 3329 645 3386 eius
663 3331 775 3387 inuenta
792 3329 936 3386 Bacchide.

36 3489 37 3512 Ι
137 3458 317 3504 adnotarat:

37 3555 38 3572 t
191 3523 244 3575 aad.
263 3528 317 3570 uitat
330 3527 354 3571 d.
368 3525 464 3569 loculus
477 3525 499 3567 in
512 3525 622 3567 llaolectte
633 3524 704 3568 Pluut.
719 3537 742 3578 p.
753 3525 801 3571 ild.
828 3524 867 3568 ibit
881 3524 941 3574 libri,
958 3525 1086 3580 spelaeum
1098 3525 1120 3569 Τ.
1131 3527 1158 3571 tl.
1170 3529 1240 3575 Picul.

135 3593 201 3643 pilo,
218 3596 263 3640 Uoc.
291 3595 343 3638 hinc
361 3595 400 3637 ibit
418 3593 543 3636 camerario
562 3593 615 3636 duce
634 3593 703 3641 editt,
721 3591 838 3636 Muellerus
854 3593 909 3638 lod.
928 3593 988 3639 Proc.
1007 3595 1039 3638 Pl.
1055 3608 1078 3649 p.
1088 3595 1133 3637 llo.
1153 3589 1157 3657 Ι
1179 3594 1239 3644 356,

138 3663 194 3704 semul
207 3663 256 3705 Bru.
277 3674 347 3706 senar
365 3663 424 3712 libri,
443 3662 505 3704 editt.
520 3654 524 3721 Ι
541 3658 599 3708 357.
619 3660 668 3702 med
682 3667 703 3702 et
720 3672 767 3703 cum
785 3661 847 3704 libris
859 3661 941 3704 ltitcelt.
959 3661 1014 3722 (uid.
1027 3662 1082 3706 Noa.
1094 3663 1146 3704 liec-
1155 3673 1178 3713 p.
1191 3659 1237 3720 28),

137 3725 200 3778 lieet,
216 3730 358 3773 Buechelercc
369 3732 397 3773 de
409 3730 464 3772 dccl.
480 3741 503 3782 p.
515 3730 557 3776 ia:
576 3728 604 3781 cf.
622 3728 787 3781 Umpfcndccltii
801 3727 907 3772 llclctem.
926 3730 959 3774 Pl.
974 3743 997 3784 p.
1009 3731 1048 3778 52,
1066 3727 1164 3771 aarum
1176 3725 1238 3771 Proc.

137 3791 161 3834 Pl·
173 3797 253 3848 pm.
270 3793 274 3860 Ι
291 3795 350 3845 359.
370 3795 419 3845 360
438 3803 458 3840 et
477 3794 526 3845 364
544 3796 688 3850 interpolatos
706 3797 750 3840 uid.
765 3797 825 3852 557.
849 3790 853 3861 Ι
876 3795 922 3845 361
935 3807 976 3861 sq.
995 3790 1235 3858 caPocn.lV2,dl.1

138 3857 219 3928 idsssq.
243 3867 288 3908 llos
306 3878 341 3907 uu.
358 3866 420 3908 accis
438 3864 576 3907 circrcmdclic
592 3869 702 3916 suspectos
719 3865 805 3907 notauit
823 3865 948 3918 Usslupiuc,
968 3875 1015 3906 cum
1033 3871 1100 3914 aequa
1117 3863 1237 3914 ceuqarulia

136 3927 209 3980 aarum
225 3932 286 3990 (quid
299 3933 328 3976 stt
340 3933 492 3987 superstratum,
511 3942 545 3974 uu.
558 3933 673 3975 declarant
682 3933 725 3975 aaa
733 3946 764 3987 eq.
771 3948 778 3982 ,·
795 3933 890 3976 similem
901 3927 1096 3982 treuiloqacctlcm
1104 3936 1173 3980 poeto
1187 3943 1236 3976 scc-

136 3996 173 4045 litt
183 4011 242 4043 cucur
253 4007 294 4050 ccl,
314 4003 371 4044 uelut
384 4000 429 4044 llil.
440 3997 492 4060 aad)
509 4001 564 4043 actia
575 4008 712 4056 perspectum
724 4001 892 4054 intereisoque
903 3998 1034 4042 locutionem
1052 3994 1160 4042 sauricum
1179 3999 1236 4045 dabo
