3080 4748
338 263 380 317 De
397 262 562 317 Bacchidum
581 263 722 318 Plautinae
739 265 931 320 retractatione
949 266 1081 321 scaenica.
1220 267 1280 328 199

126 433 211 488 Nunc
224 434 300 500 prius
313 445 393 499 quam
406 431 460 487 huc
472 431 588 500 (555155)
601 433 683 486 senex
696 433 777 496 uenit,
792 433 867 487 lubet
879 431 1027 500 limeniari,
1046 435 1108 490 dum
1121 437 1212 492 exeat:
1232 443 1281 492 932

128 518 153 572 0
173 517 266 582 Troia,
286 531 301 570 o
320 517 416 584 patria,
435 531 450 569 5
470 511 644 584 Pergamum:
663 531 678 569 5
697 517 818 583 Pe'rame,
837 517 940 586 periisti
958 535 1048 586 senex,

127 603 182 669 Qui
200 603 298 656 misere
315 601 386 654 male
403 598 558 654 mulcabere
575 597 758 669 quadrigentis
775 601 908 670 Philippis
926 605 1021 660 aureis.
1230 611 1281 662 934

183 717 231 789 llio
251 737 303 788 tria
321 735 405 789 luisse
423 734 599 802 audiuisse,
619 750 687 802 quae
706 736 786 789 exitio
804 736 907 791 forent:
1231 747 1281 797 953

184 819 294 888 Signum
313 837 346 874 ex
364 835 426 874 arce
445 822 467 873 si
485 820 606 889 perisset,
629 820 743 874 alterum
760 825 877 875 autemst
895 822 979 876 Troili
998 841 1077 891 mors,
1139 886 1142 894 ¹

184 901 315 968 Tertium,
335 919 415 971 quom
434 906 529 972 portae
547 904 678 973 Phrygiae
695 903 776 958 limen
794 920 921 973 superum
940 907 1121 964 scinderetur:
1232 914 1280 964 966

183 987 262 1043 Paria
280 988 345 1042 item
363 988 415 1042 tria
433 985 472 1042 eis
491 990 578 1044 tribus
598 995 662 1043 sunt
678 989 736 1044 iata
753 987 846 1043 noetio
865 991 929 1046 huic
946 972 1004 1047 itio.

129 1073 202 1128 Nam
221 1073 320 1127 dudum
339 1074 424 1141 primo
442 1077 474 1127 ut
491 1074 610 1127 dlxeram
627 1075 722 1128 nostrd
741 1075 799 1128 seni
817 1076 984 1131 mendacium

128 1159 169 1212 Et
182 1159 216 1212 de
228 1157 336 1226 hospite
353 1164 380 1212 et
398 1157 431 1212 dc
448 1174 516 1213 auro
535 1155 563 1212 et
580 1159 613 1212 de
631 1158 727 1222 lembo,
746 1159 785 1212 ibi
802 1158 907 1228 signum
925 1177 958 1215 ex
975 1177 1038 1217 arce
1055 1163 1110 1217 iarn
1127 1160 1234 1232 tpstuli.

127 1243 189 1296 Iam
208 1241 261 1295 diro
280 1242 419 1296 restabant
436 1240 494 1296 itta
512 1250 587 1307 tunc,
605 1258 654 1296 nec
673 1241 756 1310 magis
773 1243 801 1296 id
819 1259 943 1312 ceperam
960 1245 1097 1315 oppidum.
1161 1271 1166 1282 ·

129 1328 202 1382 Post
217 1324 265 1380 ribi
282 1325 396 1380 tabellas
414 1325 448 1381 id
466 1342 556 1381 senem
575 1327 659 1390 tetuli,
679 1325 717 1380 ibi
734 1327 811 1398 (epo)
829 1329 914 1382 occidi
932 1329 1064 1385 Troilum:
1230 1337 1280 1388 966

128 1411 204 1466 Eum
223 1426 272 1479 ego
290 1408 357 1465 adeo
376 1427 429 1465 uno
448 1408 585 1466 mendicio
604 1412 700 1479 deuici,
718 1429 772 1467 uno
790 1414 849 1466 ictu
867 1415 1020 1482 extempulo
1230 1421 1280 1473 966

161 1554 223 1606 5519
240 1553 297 1595 conl.
310 1551 433 1600 15152655
451 1554 507 1606 quod
526 1566 576 1595 num
591 1555 660 1606 possit
679 1566 772 1608 5555555
789 1554 864 1596 horum
882 1567 980 1597 sensum:
997 1545 1030 1597 ‘in
1042 1557 1165 1608 perniciem
1175 1548 1228 1600 ruit'
1248 1555 1282 1616 (td

164 1622 222 1675 5555
237 1621 331 1662 55151555
345 1620 432 1662 uidetur
442 1619 613 1679 licmpmenuus)
632 1623 712 1664 dictito.
732 1623 790 1664 idem
801 1623 863 1666 editt.
891 1623 988 1666 Ceterum
1000 1635 1043 1665 non
1056 1623 1211 1676 555155555555
1225 1628 1281 1678 opud

163 1689 251 1731 Festum
266 1700 289 1741 p.
307 1689 353 1729 565
370 1687 443 1730 615511.
461 1695 548 1730 exstare
567 1696 712 1740 termentum,
731 1703 775 1734 non
794 1697 915 1740 termento,
933 1703 973 1734 noe
990 1692 1014 1732 in
1032 1691 1122 1744 5155515,
1142 1703 1193 1745 pune
1211 1693 1281 1744 adfert

166 1757 191 1799 G.
202 1756 299 1798 65555155
308 1756 421 1798 Prodtum.
435 1767 493 1808 corp.
504 1757 568 1809 51555.
580 1757 618 1798 lut.
628 1770 650 1810 p.
661 1758 711 1806 261,
730 1759 823 1800 56151155·
833 1759 867 1800 nel
878 1759 949 1801 dutiui
960 1759 1059 1802 55616551
1076 1758 1176 1812 formum.
1232 1763 1281 1804 Ver-

163 1836 210 1867 sum
226 1835 268 1876 pro
285 1823 359 1876 spurio
377 1823 578 1878 65656516555155.
630 1825 680 1868 Ρ551
698 1826 754 1868 6555
771 1839 792 1868 u.
812 1827 836 1868 in
854 1827 915 1869 libris
933 1833 952 1869 et
972 1828 1033 1869 editt.
1051 1828 1282 1882 555155115155551551

163 1889 202 1950 (cs.
220 1903 286 1944 srrpru
306 1893 318 1946 5
334 1891 371 1946 25)
390 1891 427 1932 61.·

336 1957 388 2000 Siue
408 1959 481 2001 classe
499 1958 592 2012 sineque
611 1961 708 2002 exercitu
727 1967 748 2004 et
766 1962 824 2004 tinto
844 1973 936 2004 numero
955 1961 1046 2004 militum
1234 1967 1280 2009 996

338 2025 398 2081 Cepi,
417 2026 541 2081 expugneui
560 2027 639 2069 emeriti
658 2027 705 2070 erili
725 2028 770 2072 irtio
790 2040 867 2071 aurtrm
886 2029 913 2071 eb
932 2031 973 2072 sud
991 2037 1062 2084 putre.

163 2107 250 2137 uersum
268 2093 405 2138 9511115551.
423 2095 677 2148 qnoqueintetpotutam
695 2097 761 2138 ducit.
786 2091 791 2158 Ι
816 2093 874 2145 932.
897 2097 957 2150 prius
975 2108 1041 2150 quam
1060 2098 1103 2140 huc
1122 2104 1196 2141 noster
1214 2111 1283 2142 senex

163 2163 208 2206 Bru
226 2163 280 2204 duee
300 2162 465 2204 wttemoutnto
484 2161 529 2217 (op.
546 2160 641 2222 1115551),
659 2165 696 2217 qui
713 2177 747 2218 pr.
763 2177 784 2218 q.
799 2165 819 2205 h.
835 2155 904 2205 senex
916 2165 991 2206 nester
1005 2165 1124 2217 proponit,-
1142 2164 1188 2218 ipse
1206 2167 1283 2209 Kiesst.

161 2232 190 2273 55
208 2231 252 2272 luic
270 2229 398 2284 prinsquam
413 2230 480 2272 senex
497 2230 613 2283 conitebor,
632 2233 688 2285 puod
707 2233 746 2274 uin
762 2233 884 2285 ferendam.
911 2230 971 2286 prius
990 2242 1060 2284 quum,
1074 2232 1118 2274 huo
1137 2243 1206 2274 senex
1223 2234 1282 2283 libri,

162 2299 211 2342 Usa.
238 2298 282 2340 bric
293 2297 353 2352 prius
366 2298 431 2351 quim
444 2299 512 2340 senex
525 2298 615 2347 1111556..
632 2299 717 2342 Fient„-
735 2301 762 2342 de
776 2312 832 2354 puro
851 2299 922 2342 iambo
940 2299 1032 2342 insede
1047 2299 1184 2352 paenultima
1199 2301 1283 2354 perieris

162 2365 298 2408 hemistichii
316 2377 336 2406 5.
354 2365 513 2418 Ktessttnmuu.
534 2359 538 2428 Ι
561 2363 619 2414 933.
638 2368 729 2410 l‘erarne
745 2380 786 2422 pro
805 2368 890 2410 Priame
902 2361 1060 2410 ’115565155555
1076 2367 1132 2410 Nou.
1150 2379 1202 2412 oun.
1220 2375 1236 2411 t.
1253 2372 1282 2412 95

161 2430 266 2492 (5.1866)
283 2444 305 2485 p.
319 2433 332 2474 9
349 2433 409 2481 555..
427 2433 454 2486 cs.
464 2433 605 2476 llitschelium
616 2436 692 2488 opusc.
702 2435 723 2477 li
732 2449 756 2490 p.
766 2436 806 2478 ts7
816 2438 866 2480 555.
882 2433 886 2496 Ι
902 2433 961 2484 934.
980 2435 1101 2479 multabere
1120 2449 1167 2478 cum
1185 2439 1203 2482 ll
1222 2438 1282 2482 Usa.-

162 2501 299 2555 quodetiam
310 2500 381 2542 minus
394 2501 480 2542 oredem
492 2513 567 2544 uerum
579 2515 633 2552 esse,
652 2515 715 2556 quum
733 2505 861 2547 mulcabere
880 2503 932 2562 (tto,
950 2501 1030 2560 editt),
1049 2505 1075 2548 de
1093 2516 1133 2558 555
1151 2507 1280 2550 5511115565-

162 2570 217 2611 lium
237 2569 265 2610 55
282 2567 348 2610 Stich.
363 2569 411 2613 129.
463 2569 537 2611 Versus
555 2572 605 2612 955.
618 2572 668 2612 956.
681 2573 732 2613 915.
746 2574 792 2614 stt.
805 2574 851 2615 911.
863 2573 904 2617 912
923 2573 963 2614 655
981 2572 1057 2614 ordine
1073 2585 1131 2626 poue
1148 2575 1205 2617 969·
1218 2587 1281 2628 repo-

160 2638 205 2680 suit
216 2636 275 2678 Brn:
294 2635 321 2688 os.
333 2636 390 2690 525.
404 2648 439 2678 nu.
449 2637 561 2678 957-19.
570 2639 673 2684 919-52
688 2652 701 2681 5
713 2646 863 2688 senectutem,
876 2640 977 2681 eto-ta
990 2640 1016 2681 ttb
1028 2639 1184 2693 interpolatore
1197 2643 1283 2684 additos

101 2755 108 2768 ι
163 2718 183 2748 5.
195 2715 262 2757 cupro
276 2705 288 2758 5
300 2703 335 2748 21.
351 2698 355 2764 Ι
370 2701 429 2751 953.
446 2704 476 2745 illi
489 2706 561 2747 terent
573 2705 637 2750 exitio
651 2707 714 2756 flctt,
726 2708 772 2752 1155.
798 2705 1041 2761 tuntuttttttntttttt'to
1055 2710 1080 2754 Α,
1099 2708 1186 2757 llitach.J
1199 2709 1282 2752 115515..-

163 2779 276 2826 atrumque
288 2771 416 2823 ploaaemcte
428 2771 458 2814 illi
477 2773 585 2826 adscripto
604 2772 671 2833 (5555
689 2777 705 2816 Α
725 2776 748 2816 in
765 2787 840 2817 555555
854 2774 965 2826 principio
979 2772 1034 2836 ihil
1049 2785 1091 2826 pro
1104 2773 1152 2822 llio,
1171 2777 1282 2819 contrusio

163 2839 273 2883 medoilo
291 2837 340 2887 itio,
358 2840 437 2882 deinde
449 2840 497 2889 illo,
516 2840 543 2892 os.
562 2841 636 2884 libror.
654 2842 783 2895 scripturum
801 2855 823 2884 u.
841 2842 880 2883 951
898 2848 918 2883 51
936 2843 977 2883 965
995 2852 1030 2893 55.
1051 2839 1142 2898 1161556.)
1160 2850 1281 2895 corruptum

162 2919 210 2951 esse
223 2920 252 2950 55
267 2906 331 2949 exitio
345 2907 415 2949 lorent
431 2909 552 2960 suspicatus
568 2911 716 2963 septenarium
731 2910 798 2953 trech.
817 2909 888 2963 effeci,
907 2921 947 2963 555
960 2909 1048 2951 saeuius
1061 2909 1153 2950 transiri
1169 2910 1283 2952 uidebatur

164 2977 193 3018 551
205 2975 331 3018 5515555655
343 2975 410 3017 trech.
464 2976 536 3018 Herm.
551 2978 735 3020 55955-5615
754 2978 894 3020 iambicomm
914 2978 1068 3030 nepotulitotem
1086 2977 1177 3029 5555511,
1195 2990 1216 3019 5.
1234 2978 1280 3021 liit-

162 3052 384 3119 interumperet!
401 3056 458 3106 954.
477 3060 569 3104 alterum
583 3062 623 3104 luit
634 3064 680 3106 Usa.
730 3061 788 3111 960,
807 3035 912 3105 retulisti
929 3060 1000 3105 occidi
1015 3063 1164 3106 Lochmennus
1178 3064 1206 3105 55
1222 3063 1281 3105 Lacr.

160 3141 184 3181 p.
199 3127 252 3175 567.
271 3127 425 3170 9555555555
441 3128 543 3170 Otrerae.
562 3129 585 3171 in
600 3130 675 3172 51111
684 3131 798 3174 llitsclnelii
814 3131 987 3184 Prolepomenon
1006 3131 1077 3174 Ptout.
1095 3131 1283 3184 nupturientes

161 3209 184 3248 5.
198 3196 236 3243 22,
255 3195 373 3248 Geprpertus
390 3195 468 3238 lliurn.
485 3209 581 3249 5555555.
596 3198 668 3240 Berol.
685 3205 701 3240 t.
712 3200 741 3244 29
755 3201 839 3252 5215.
866 3199 934 3242 detriti
951 3199 980 3241 ibi
1000 3199 1071 3241 occidi
1090 3211 1136 3240 oum
1155 3200 1217 3242 libris
1234 3196 1282 3258 (sed

163 3262 282 3315 5511115515.
299 3262 367 3304 Prolt.
379 3275 402 3315 p.
411 3263 462 3322 126)
480 3265 539 3308 lisa:
557 3265 618 3307 tehili
631 3265 660 3308 ibi
674 3267 746 3309 occidi
760 3267 887 3320 Spenpettua
905 3267 927 3308 T.
943 3265 970 3308 tt.
984 3266 1073 3309 Plautus
1087 3279 1103 3318 p
1126 3266 1178 3315 259,
1197 3267 1282 3319 punient

164 3336 264 3372 occentus
279 3331 414 3382 puriritatem
431 3344 459 3374 55
474 3332 592 3385 Geppertus
608 3333 694 3387 quidem
712 3335 775 3377 tulit:
793 3334 820 3388 cs.
835 3334 948 3377 111155651ἰὶ
961 3333 1059 3385 9551555.
1072 3345 1095 3385 p.
1111 3334 1192 3387 22155.
1208 3329 1212 3396 Ι
1232 3331 1280 3384 961

164 3393 257 3445 -969,
275 3398 378 3439 961-65
390 3410 404 3440 5
417 3406 560 3443 retractatore
576 3401 664 3444 additos
678 3414 775 3456 usupra
786 3403 849 3457 5215
867 3402 947 3444 deiude
958 3400 1010 3443 libri
1022 3407 1042 3442 et
1058 3401 1119 3443 editt.
1138 3401 1283 3456 interpolatos

164 3465 202 3525 (51.
215 3467 227 3521 §
238 3464 276 3526 25)
294 3467 398 3509 exhibent
416 3468 468 3510 hos:

268 3533 319 3576 Post
337 3535 388 3576 crim
406 3535 532 3588 magnutleo
551 3535 627 3588 rnilite,
645 3536 706 3578 urbis
724 3535 798 3578 uerbis
816 3535 854 3588 qui
872 3534 969 3576 inermtis
988 3535 1053 3591 cepit,
1233 3542 1281 3582 966

268 3602 359 3644 conflixi
379 3611 445 3656 atque
464 3603 574 3646 hominem
593 3604 686 3660 reppuli.
705 3603 754 3646 dein
772 3603 869 3657 prignem
888 3603 993 3646 conserui
1011 3604 1067 3648 seni.

165 3669 215 3712 Post
234 3681 254 3710 u.
269 3671 310 3711 966
328 3670 417 3719 1161556..
435 3671 520 3714 115515..-

268 3737 321 3791 Gepi
338 3731 378 3801 <ab
397 3731 438 3800 eo>
456 3739 534 3794 spolie.
553 3738 572 3780 is
591 3739 649 3781 nune
668 3738 776 3782 ducentos
796 3739 897 3782 nummos
915 3739 1027 3795 Philippos
1045 3739 1114 3791 militi,
1233 3740 1279 3783 969

216 3811 218 3818 ·
269 3805 329 3856 Quos
348 3806 401 3848 dire
419 3817 444 3848 se
462 3806 568 3861 promisit,
588 3806 653 3848 debit.
724 3821 736 3848 e
809 3822 821 3849 e
895 3823 907 3850 e
972 3823 984 3850 e
1048 3822 1061 3849 e
1098 3821 1106 3856 ‚·

162 3873 212 3915 sine
230 3872 257 3914 ab
271 3883 298 3915 eo
311 3885 351 3915 neo
368 3874 448 3916 155555
464 3874 564 3917 indicate
577 3874 685 3926 intentum
699 3875 803 3918 librorum
815 3876 943 3920 memorium
957 3877 1008 3919 tuiti
1021 3873 1153 3918 trocheicum
1167 3881 1221 3928 sept.
1233 3877 1280 3918 556-

164 3947 267 3993 55555515
281 3940 372 3983 dimetro
391 3942 457 3984 iamt.
474 3941 563 3985 discidi
580 3941 688 3984 1555555551
699 3943 858 3987 studemundus
876 3946 903 3987 de
920 3941 1139 3994 continentum,
1157 3942 1283 3996 Spenpelius

166 4007 188 4050 T.
197 4007 224 4050 11.
235 4009 322 4051 l‘leutue
336 4021 360 4061 p.
370 4010 420 4058 159,
440 4011 495 4059 Usa,
513 4009 602 4058 Kiessl.,·
620 4010 647 4052 de
665 4011 787 4056 Hennonni
803 4013 911 4055 sententio
930 4023 951 4052 5.
969 4008 1083 4054 fliteoheiii
1102 4021 1151 4065 opp.
1169 4011 1217 4054 crit.
