3080 4748
275 289 335 350 ll‘l
662 285 838 341 (idalcherius
857 284 1028 340 Brachmann

358 463 485 530 Ulixem
502 459 585 526 enim
604 460 636 524 in
659 463 776 542 raptu
798 455 973 542 palladii
995 455 1037 521 ab
1052 455 1177 521 Helena
1191 453 1337 538 agnitum
1355 475 1422 522 esse

273 585 334 630 non
355 559 443 629 ‘nota
457 551 579 628 fabula'
599 567 657 646 est,
679 558 737 626 sed
752 557 938 642 Kiesslingii
954 549 1220 638 αὐτοσχεδίασμα
1230 556 1265 640 ¹).
1295 557 1423 623 Deinde

273 665 446 749 Chrysalus
469 665 594 732 detecto
616 663 721 750 priore
743 661 799 726 illo
821 659 988 726 mendacio
1017 679 1076 725 nec
1103 658 1184 720 dolas
1207 679 1223 719 e
1242 658 1371 741 paruolo
1392 681 1423 720 se

272 767 388 829 emtulr'l
408 787 468 832 nec
488 786 591 828 senem
613 761 786 848 deceptu),
815 761 873 828 sed
896 760 1083 827 Mnesilochi
1104 760 1253 845 precibus
1275 767 1423 826 seruatus

273 876 330 935 est.
374 867 524 951 Sequitur
547 867 724 947 euidenter,
754 871 873 930 utnon
902 861 1026 947 possint
1053 880 1163 928 uersus
1186 865 1359 928 esa-965
1384 859 1425 928 ad

273 972 408 1055 primum
431 972 531 1040 latum
554 968 673 1034 relerri.
717 964 787 1043 Qua
812 963 1051 1031 ratiocinatione
1073 969 1161 1048 patet
1189 965 1292 1029 euerti
1314 965 1423 1030 Kiess-

273 1073 363 1156 lingii
384 1069 584 1137 sententiam.

770 1238 921 1246 ——-—

737 1421 879 1488 CAPUT
903 1420 954 1486 IV.

358 1564 450 1642 528.
495 1563 563 1626 Iam
586 1559 776 1626 accedamus
803 1556 845 1621 ad
875 1557 974 1623 multo
1002 1555 1181 1622 uberiorem
1210 1555 1341 1621 illorum
1373 1577 1424 1622 ex·

274 1665 449 1749 emplorum
479 1661 603 1746 copiam
633 1657 911 1742 perscrutandam,
947 1675 1029 1738 quae
1059 1657 1186 1741 proprio
1216 1656 1426 1741 dittogra-

273 1765 454 1851 phiarum
477 1762 604 1829 nomine
627 1758 821 1844 appellanda
843 1763 924 1823 sunt.
968 1759 1039 1838 Quo
1061 1757 1094 1822 in
1116 1777 1233 1839 genere
1257 1759 1425 1842 aliquanto

273 1863 434 1929 difficilius
455 1863 615 1929 interdum
644 1865 707 1945 cst,
738 1881 834 1943 quam
855 1860 888 1923 in
911 1858 1154 1940 additamentis,
1185 1878 1349 1926 eausam
1377 1881 1426 1926 co·

272 1983 438 2046 gnoscere,
467 1982 531 2046 qua
553 1968 740 2029 retractator
761 1959 918 2026 adductus
940 1961 981 2026 sit
1004 1967 1038 2026 ut
1059 1961 1208 2026 Plautina
1229 1960 1425 2028 immutaret.

273 2061 472 2147 Quamquam
496 2063 580 2131 enim
602 2059 752 2129 Go'etzins
774 2083 837 2130 non
859 2063 926 2129 sine
948 2081 1065 2144 magna
1086 2062 1155 2128 ueri
1177 2062 1284 2144 specie
1314 2064 1426 2129 multis

272 2165 304 2230 in
319 2165 398 2232 locis
414 2186 485 2232 cum
501 2166 581 2233 alias
598 2185 711 2232 causas
727 2173 792 2232 tum
809 2163 974 2230 breuiandi
994 2162 1134 2229 studium
1156 2163 1392 2231 demonstrauit
1401 2165 1427 2246 ³)

274 2305 314 2314 -
337 2289 419 2352 qnae
434 2269 515 2335 ratio
531 2268 577 2333 ila
591 2268 682 2334 nobis
698 2268 905 2351 comprobata
927 2270 984 2347 est,
1008 2273 1042 2331 ut
1063 2266 1096 2330 in
1119 2265 1275 2347 exemplis
1297 2271 1425 2332 tantum

273 2390 335 2436 non
351 2369 496 2434 omnibus
512 2388 607 2449 quarn
627 2369 844 2434 recensionem
859 2372 990 2450 propter
1007 2367 1148 2432 internas
1170 2366 1309 2432 rationes
1332 2368 1424 2435 dete·
1522 2373 1523 2406 l

272 2469 385 2532 riorem
402 2486 472 2533 esse
486 2467 762 2550 intellexissemus,
786 2467 963 2534 breuiorem
979 2468 1112 2533 eandem
1130 2468 1365 2552 reppererimus
1385 2506 1424 2514 -
1522 2477 1523 2534 i

271 2573 394 2633 restant
414 2574 521 2634 tamen
545 2569 693 2653 exempla
715 2568 877 2653 nonnulla,
900 2568 956 2636 ubi
978 2574 1010 2636 et
1031 2568 1092 2634 hoc
1114 2575 1298 2654 argumento
1322 2571 1423 2637 desti·
1522 2611 1523 2640 ;

272 2670 331 2734 tuti
354 2669 451 2735 simus
474 2690 578 2754 neque
600 2672 769 2756 uestigium
790 2671 934 2738 internae
950 2669 1114 2736 cuiusdam
1137 2671 1281 2738 mutandi
1302 2691 1425 2738 causae

270 2771 425 2854 indagare
447 2773 641 2860 potuerimus
652 2773 687 2856 ⁴).
721 2776 757 2840 In
780 2773 867 2840 hisce
889 2773 985 2854 igitur
1008 2773 1132 2838 scaenis
1155 2793 1230 2839 num
1253 2771 1426 2841 credamus
1522 2769 1523 2786 ³

271 2875 376 2942 subito
400 2875 524 2942 abiecto
548 2876 604 2942 illo
626 2875 714 2941 aliud
736 2876 843 2942 nescio
872 2875 957 2958 quod
986 2873 1150 2941 consilium
1181 2881 1424 2942 retractatorem

272 2984 413 3042 secutum
437 2977 531 3044 esse?
567 2977 642 3042 Veri
665 2980 806 3058 profecto
829 2996 891 3041 non
914 2975 1026 3041 simile.
1072 2974 1156 3054 Quid
1181 2983 1284 3042 autem
1313 2978 1426 3044 obstat

273 3077 441 3157 quominus
455 3075 657 3157 coniciamus,
680 3075 765 3158 quod
781 3075 832 3140 hic
848 3073 1023 3143 decurtatio
1038 3077 1096 3143 illa
1112 3079 1252 3164 conspici
1270 3077 1334 3143 iam
1358 3100 1424 3146 non

360 3262 383 3324 t)
402 3256 442 3313 cf.
461 3273 543 3327 snpra
561 3275 587 3327 p.
609 3261 665 3310 101.

358 3349 383 3410 2)
403 3343 442 3398 uf.
461 3359 569 3400 uersum
582 3346 640 3408 965,
659 3341 730 3396 unde
745 3345 819 3411 patet
837 3356 891 3395 non
909 3357 989 3410 posse
1006 3360 1060 3400 non
1079 3349 1203 3415 spectare
1221 3346 1288 3401 haec
1307 3345 1342 3399 ad
1362 3362 1425 3401 eam

213 3447 217 3456 ·
273 3441 411 3495 scaenam,
436 3444 504 3496 quae
523 3427 672 3497 praecedit:
695 3425 722 3479 id
741 3424 812 3494 quod
830 3441 884 3479 non
902 3427 989 3484 minus
1012 3429 1128 3484 dilucide
1150 3431 1269 3486 ostendit
1290 3433 1425 3498 gemellus

273 3523 368 3564 uersus
387 3514 450 3564 952:
474 3511 497 3565 U
502 3514 617 3566 iactas
634 3529 719 3578 sum,
737 3510 786 3566 scd
803 3510 874 3564 dolis
890 3527 932 3564 mc
949 3514 1047 3567 exemi.

358 3598 383 3660 3)
400 3593 460 3648 Vid.
479 3597 550 3650 Acta
569 3597 629 3651 Soc.
648 3598 740 3666 philol.
760 3595 833 3665 Lips.
852 3602 872 3649 t.
886 3595 924 3651 VI
940 3612 967 3665 p.
987 3602 1034 3652 261
1046 3615 1103 3667 sqq.

358 3683 384 3744 4)
398 3677 527 3748 Spectant
538 3678 591 3732 huc
605 3696 637 3734 ex
648 3682 773 3736 tractatis
785 3680 891 3735 anobis
904 3681 1009 3735 scaenis
1021 3684 1189 3751 potissimum
1201 3683 1253 3738 113
1266 3688 1295 3737 et
1305 3698 1424 3739 scaenae

273 3764 310 3820 IV
325 3764 359 3819 9¹³
377 3762 521 3817 nonnullae
539 3769 638 3833 partes.
670 3765 739 3818 Nam
751 3767 778 3819 in
795 3781 832 3820 sc.
845 3765 906 3820 llll
927 3766 999 3831 (item
1011 3767 1039 3820 in
1050 3767 1125 3832 1113)
1143 3769 1277 3838 suspicari
1293 3768 1358 3823 licet
1377 3784 1422 3823 ar·

272 3849 392 3917 gumenti
410 3847 611 3918 dispositionem
628 3851 834 3903 retractatorem
855 3852 1019 3906 immutasse.
1048 3851 1213 3920 Quamquam
1232 3868 1266 3907 ne
1286 3853 1342 3906 illic
1361 3855 1422 3920 qui-

274 3932 332 3986 dem
345 3932 397 3988 huc
411 3949 449 3998 re,
468 3932 573 3988 etiamsi
585 3947 650 3986 uera
664 3934 699 3987 sit
716 3934 796 3988 ualde
813 3935 896 3990 dubia
912 3937 959 3990 illa
976 3934 1103 4004 suspicio,
1120 3936 1192 3990 iusta
1210 3951 1293 3992 causa
1306 3943 1422 4005 apparet

273 4016 443 4084 refingendue
460 4019 546 4086 ipsius
565 4017 708 4086 orationis;
728 4017 884 4073 sufficiebat
901 4020 971 4074 enim
988 4019 1134 4074 inseruisse
1151 4038 1234 4076 nnnm
1252 4039 1278 4076 u.
1298 4025 1354 4076 3l4.
