3080 4748
361 263 402 318 De
421 247 586 319 Bacchidem
603 265 745 321 Plautinae
763 267 956 332 retractatione
975 271 1108 325 scaenica.
1264 271 1305 333 87

152 442 190 502 ut
205 435 349 503 ueritatis
364 454 460 504 sensu
479 434 591 502 ceteris
613 438 775 521 praeierit:
798 438 947 506 nimirum
970 460 1040 507 cum
1063 462 1114 510 uu.
1135 446 1303 512 486-488

151 557 174 601 a
196 542 403 604 retractatore
431 533 623 621 r'epetendos
650 557 721 604 esse
749 539 970 625 suspicaretur.
1018 543 1087 622 Quo
1115 545 1199 612 facto
1228 566 1303 614 num

152 637 222 707 rem
244 638 428 724 absoluerit,
451 658 508 705 suo
531 638 600 705 loco
624 639 813 706 uidebimus.

239 739 411 822 Reliquum
432 746 481 816 est
503 745 538 808 ut
560 741 670 825 paucis
693 761 937 809 commemorem
958 745 1164 811 nouissimum
1190 748 1302 816 barum

152 863 259 910 rerum
273 842 443 930 arbitrum:
464 841 497 907 0.
514 842 554 908 Μ.
571 843 849 910 Franckenum
865 844 947 935 dico,
964 845 1017 926 qui
1033 846 1064 909 iu
1080 836 1302 934 Mnemosyncs

152 945 216 1010 uol.
234 945 293 1009 Vll
316 942 357 1025 (a.
378 944 472 1026 1879)
494 963 524 1026 p.
544 946 710 1008 tce-204
733 944 774 1011 de
796 944 930 1030 Epidico
954 945 1110 1014 disseruit.
1145 949 1208 1015 Ubi
1231 971 1302 1016 cum

150 1046 253 1111 multa
267 1044 360 1112 docte
376 1044 538 1129 disputata
552 1045 791 1131 inuenissem1),
813 1046 988 1114 admiratus
1003 1069 1073 1114 sum
1088 1069 1203 1116 nouam
1221 1052 1302 1118 banc

150 1167 249 1231 quam
265 1146 305 1214 de
320 1147 468 1214 uniuerso
484 1146 718 1213 retractationis
733 1167 849 1231 genere
864 1149 897 1214 in
913 1148 1018 1216 animo
1042 1151 1096 1216 ille
1118 1151 1301 1219 informarit

151 1248 350 1333 opinionem:
376 1248 463 1314 credi
485 1269 549 1314 non
573 1247 690 1314 debere
713 1267 782 1314 eam
806 1249 936 1318 fabulae
957 1251 1090 1318 alicuius
1113 1260 1245 1338 partem,
1268 1254 1301 1320 in

150 1371 216 1434 qua
237 1351 339 1416 multa
362 1350 535 1433 offendant,
559 1352 762 1414 retractatam
785 1369 856 1416 esse
878 1351 1066 1436 editionem
1089 1353 1185 1420 immo
1209 1375 1300 1438 prae-

116 1519 119 1522 .
147 1453 345 1532 stantiorem.
387 1446 485 1518 ‘Nam
502 1441 640 1534 oportet'
666 1451 767 1532 inquit
787 1445 896 1536 illud,
920 1454 1005 1537 qnod
1021 1454 1134 1520 melius
1156 1462 1221 1538 est,
1245 1479 1298 1524 ex-

147 1555 290 1621 istimare
312 1553 431 1620 maiore
454 1560 487 1619 et
508 1553 624 1620 iterata
646 1571 721 1618 cura
743 1552 920 1620 coniectum
943 1572 1028 1637 esse,
1051 1575 1114 1620 non
1136 1557 1222 1639 quod
1245 1557 1299 1624 de-

147 1648 264 1722 terius?
311 1656 426 1736 Neque
451 1659 560 1721 tamen
588 1653 758 1721 demouere
787 1674 838 1720 me
867 1654 969 1738 potuit
997 1655 1037 1720 de
1065 1657 1205 1742 priorum
1228 1643 1299 1724 sen-

148 1747 266 1840 tentia,
296 1757 349 1838 qui
370 1755 476 1821 Plauti
498 1756 623 1840 ingenio
650 1755 723 1839 plus
754 1755 955 1823 tribuendum
984 1759 1173 1844 censebant,
1203 1779 1298 1842 quam

146 1858 285 1944 proximi
307 1858 428 1924 saeculi
450 1863 617 1941 poetarum
640 1857 842 1923 histricorum
866 1878 968 1924 curae.

644 2064 797 2072 ————-

613 2228 755 2296 cAPUu
777 2229 832 2295 III.

230 2369 250 2447 ξ
275 2369 323 2430 ts.
367 2365 435 2431 Iam
458 2383 549 2448 uero,
580 2370 750 2448 postquam
772 2364 913 2450 priorum
936 2364 1114 2431 criticorum
1136 2385 1228 2433 curas
1250 2367 1297 2434 ita

141 2469 392 2552 percensuimus,
415 2474 449 2533 ut
465 2466 579 2534 eodem
593 2467 721 2547 negotio
738 2487 810 2534 cum
825 2467 866 2533 de
888 2465 1005 2549 insigni
1027 2465 1165 2549 quodam
1189 2487 1295 2536 enem-

141 2571 215 2655 plo,
246 2570 278 2635 in
302 2589 364 2652 quo
386 2569 522 2635 iteratae
544 2569 777 2635 retractationis
799 2569 937 2635 rationes
961 2568 1170 2635 demonstrari
1199 2589 1296 2654 posse

142 2670 345 2756 uiderentur,
374 2677 440 2736 tum
464 2668 505 2736 de
526 2669 566 2736 iis
588 2669 683 2753 locis,
714 2671 767 2751 qui
790 2691 830 2736 ex
860 2670 931 2753 ipsa
952 2669 1058 2735 Plauti
1079 2669 1294 2738 Bacchidibus

142 2771 302 2840 immerito
325 2792 345 2836 a
368 2772 560 2854 quibusdam
582 2770 625 2837 ad
647 2771 709 2836 hoc
729 2789 830 2855 genus
852 2769 1011 2854 pertinere
1037 2769 1149 2836 crediti
1178 2779 1300 2854 essent,-

143 2881 285 2942 nostram
315 2893 546 2957 exponeremus
576 2871 783 2940 sententiam:
817 2855 980 2936 doctrinae
1013 2871 1294 2956 exemplorumque

141 2975 335 3062 duplicibus,
358 2995 440 3057 quae
455 2975 531 3041 inde
546 2975 613 3060 peti
626 2980 782 3060 poterant,
806 2971 975 3057 praesidiis
996 2972 1080 3054 aucti
1102 2973 1294 3040 accedamus

142 3077 187 3144 ad
210 3097 290 3160 eam,
315 3095 409 3159 quam
432 3076 526 3142 huius
549 3075 782 3142 dissertationis
805 3075 979 3141 maximam
1000 3063 1124 3160 partem
1147 3095 1217 3143 esse
1239 3097 1293 3144 uo-

143 3179 274 3246 luimus:
297 3183 332 3244 ut
354 3199 401 3246 ex
423 3178 496 3244 bac
518 3197 590 3242 una
613 3195 708 3259 quam
724 3176 863 3243 diximus
878 3177 1010 3242 fabula
1028 3196 1153 3243 omnes
1174 3163 1292 3262 locos,

143 3281 290 3362 quibus
312 3279 511 3365 impressa
538 3277 1044 3363 exstent'retractationis
1073 3279 1293 3347 scaenicae
1367 3309 1371 3312 ·

143 3380 340 3465 uestigia,
363 3385 396 3445 et
411 3399 629 3465 congeramus,
653 3381 843 3462 ordinemus,
867 3377 1083 3461 disputatione
1098 3377 1293 3447 illustremus

142 3488 249 3566 atque,
274 3485 426 3564 quantum
442 3482 475 3548 ln
490 3482 583 3550 nobis
597 3484 694 3550 situm
715 3482 767 3565 sit,
793 3477 1007 3562 emendemus,
1031 3486 1071 3564 et,
1095 3481 1203 3563 quoad
1223 3481 1293 3550 fieri

231 3686 254 3750 1)
268 3667 348 3747 'Alia,
373 3687 404 3736 ut
421 3682 480 3736 fieri
497 3682 615 3749 adsolet,
638 3697 735 3752 parum
752 3680 867 3735 feliciter
885 3681 909 3736 ei
930 3685 1078 3736 cesserunt.
1115 3681 1196 3736 Velut
1219 3680 1293 3748 quod

143 3767 478 3836 uersusEpid.410—416
497 3781 647 3836 repugnare
659 3764 874 3836 putatuersibus
893 3769 1036 3832 tit-276,
1055 3763 1140 3819 falsus
1159 3767 1207 3817 eat.
1236 3763 1292 3820 Ne·
1311 3801 1324 3833 ,-

142 3867 193 3920 que
205 3852 277 3907 enim
289 3851 365 3918 haec,
384 3867 454 3920 quac
465 3854 591 3920 leguntur
609 3868 654 3906 uu.
668 3855 794 3915 lit-76,
812 3848 923 3903 tendere
941 3849 976 3902 ad
990 3848 1112 3919 patellam
1126 3846 1292 3919 Periphanta

142 3954 234 3992 amore
249 3936 429 4004 alliciendam,
449 3937 497 3992 sed
514 3937 549 3992 ad
566 3937 689 3991 lenonem
707 3935 843 4005 pertinere
861 3931 1054 4003 decipiendum,
1074 3930 1189 3988 dilucide
1202 3932 1291 3988 decla-

93 4021 97 4028 '
142 4026 203 4076 rant
221 4024 405 4076 uultis-87.
