3080 4748
335 327 377 383 De
394 326 562 383 Bacchidum
580 326 722 381 Plautinae
739 327 933 383 retractatione
951 329 1084 385 scaenica.
1240 329 1279 390 79

1 509 15 568 ³:
126 499 236 568 nnisse
257 506 310 566 sat
332 498 401 581 erit,
424 497 467 564 ad
485 505 586 564 artem
609 499 750 565 criticam
772 498 980 581 factitandum
1002 501 1098 586 longe
1120 499 1279 568 diuersam

127 622 200 670 esse
222 599 365 687 bipertiti
386 599 619 666 retractationis
641 599 767 683 generis
789 599 869 684 uim,
897 620 959 683 quo
987 607 1055 669 tota
1081 603 1138 668 illa
1164 601 1278 670 dinisio

7 769 11 778 ,
127 703 256 787 regitur.
290 700 578 768 Additamento
595 701 679 767 enim
694 700 825 768 histrico
836 701 1029 770 modestiore
1044 703 1278 785 quodammodo

6 789 12 876 ζ
126 804 237 871 indole
252 801 407 888 praedita,
429 801 581 870 uidelicet
596 821 679 885 quae
700 823 764 870 non
787 808 935 870 auersata
957 804 1021 898 sint
1041 804 1142 889 ipsius
1162 812 1278 890 poetae

1 920 4 978 j
125 906 244 988 uerba,
273 909 307 971 ut
328 926 391 971 non
412 905 543 971 nimium
566 905 670 972 solent
691 906 847 988 praebere
870 903 1083 989 difficultatis,
1112 907 1155 972 ad
1183 909 1277 975 inter-

1 1045 4 1053 ·
124 1006 323 1093 polationnm
345 1025 446 1088 genus
469 1006 579 1086 aliqua
600 1025 641 1071 ex
663 1010 756 1090 parto
778 1025 850 1071 sese
872 1006 1082 1089 applicantia:
1111 1008 1157 1074 ita
1179 1010 1277 1076 multo

1 1126 3 1136 ’
124 1109 314 1175 licentiores
339 1106 665 1192 dittographiae,
694 1107 773 1173 satis
795 1107 1013 1175 intricatarnm
1035 1111 1215 1194 turbarum,
1244 1116 1278 1175 ut

1 1249 7 1268 t
124 1209 265 1294 adsolet,
296 1229 367 1276 oum
390 1210 524 1276 comites
546 1215 612 1274 tum
635 1207 871 1292 concitatrices,
900 1231 963 1276 non
987 1211 1133 1278 desinent
1154 1212 1276 1279 critico-

1 1369 2 1382 ,
124 1331 195 1377 rum
209 1310 514 1393 ingeniaexeroere.
551 1309 633 1376 Nam
651 1310 705 1376 uix
721 1310 871 1395 estquod
893 1332 1039 1378 moneam
1062 1312 1181 1380 diuersi
1204 1334 1275 1381 con·

1 1455 5 1464 ·
124 1412 202 1497 silii,
224 1433 285 1497 quo
301 1413 465 1494 utriusque
483 1413 609 1498 generis
631 1412 875 1479 architectorum
898 1413 1045 1480 uideatur
1067 1421 1276 1499 temperatum

1 1591 3 1596 ,
124 1534 196 1581 esse
218 1534 347 1581 munus:
376 1512 503 1580 cumin
526 1513 750 1596 dittographiis
774 1513 924 1608 uidelicet
953 1516 1146 1583 breuiandae
1175 1517 1274 1598 quod·

123 1616 198 1682 dam
214 1615 354 1683 studium
370 1615 423 1681 nel
437 1615 567 1681 fabulae
583 1615 636 1680 uel
651 1633 789 1682 scaenae
812 1617 951 1701 conspici
973 1617 1076 1683 solere
1098 1617 1136 1682 G.
1153 1618 1276 1684 Goetzii

123 1718 271 1784 acumine
287 1716 372 1784 docti
387 1719 501 1782 simus:
524 1717 715 1783 contrarium
730 1715 908 1784 institutum
927 1716 1146 1785 additamenta
1167 1729 1276 1786 secuta

123 1838 197 1886 esse
218 1819 288 1904 ipso
309 1817 436 1886 nomine
458 1825 622 1902 appareat.

207 1939 227 2018 ξ
247 1942 292 2002 14.
330 1938 398 2002 Iam
412 1956 489 2004 uero
505 1936 533 2003 is
549 1935 761 2004 nominandus
777 1943 834 2020 est,
858 1937 913 2020 qui
928 1939 1172 2006 saluberrimam
1191 1938 1273 2026 huic,

119 2039 154 2105 in
177 2057 241 2120 qua
262 2039 408 2123 plerique
430 2037 497 2103 fere
520 2057 654 2123 peceare
677 2039 796 2123 solent,
826 2039 873 2105 rei
900 2040 1006 2105 attulit
1034 2040 1146 2108 lucem.
1191 2043 1276 2109 Tota

121 2141 206 2206 enim
223 2158 306 2221 qnae
321 2147 371 2205 est
386 2140 426 2206 de
445 2140 670 2206 retractatione
692 2140 871 2223 fabularum
888 2140 1106 2208 Plautinamm
1129 2144 1274 2225 quaestio

120 2248 154 2308 et
176 2242 407 2327 comprehensa
428 2247 460 2326 et
482 2240 614 2308 mirifice
638 2248 733 2308 aucta
755 2247 802 2308 est
825 2262 865 2308 ca
886 2243 1168 2328 commentatione,
1192 2262 1274 2324 quae

120 2348 228 2410 exstat
249 2343 282 2408 in
298 2341 448 2410 'Actorum
471 2343 642 2411 societatis
663 2342 849 2429 philologae
871 2342 1046 2429 Lipsiensis
1069 2365 1090 2410 a
1111 2344 1273 2412 Friderico

118 2444 296 2512 Ritschelio
313 2445 468 2512 editorum
485 2444 646 2512 uolumine
661 2445 706 2512 VI
721 2443 764 2526 (a.
782 2443 875 2527 1876)
896 2466 928 2530 p.
942 2447 1154 2530 nae-3281),
1177 2466 1272 2529 quam

118 2547 369 2631 Diltopropltico
391 2548 432 2609 im
455 2547 677 2610 Plautuctercte
698 2547 786 2610 nebat
806 2542 1035 2611 methodisclren
1055 2548 1272 2632 Folpcranpcn
1387 2599 1389 2603 ,

117 2650 280 2735 inscripsit
301 2653 411 2715 auctor
425 2647 625 2730 Georgius
641 2648 782 2715 Goetn:
806 2648 870 2730 qui,
893 2668 964 2714 oum
986 2651 1169 2716 uniuersum
1191 2649 1273 2716 illnd

118 2752 319 2836 corruptelae
334 2769 436 2832 genus
450 2771 513 2817 uno
529 2756 700 2834 conspectu
716 2753 791 2815 ante
809 2748 919 2814 oculos
940 2755 1080 2833 poneret,
1104 2757 1136 2816 et
1158 2769 1271 2818 causas

116 2853 323 2935 rationesque
347 2853 461 2936 quibus
484 2857 682 2919 coerceretur
704 2848 904 2936 explanauit,
929 2855 960 2914 et
981 2850 1085 2915 lentes
1107 2850 1192 2916 unde
1214 2850 1270 2916 flu·

116 2956 207 3020 xisso
230 2952 391 3021 uideretur
411 2952 518 3037 quoad
538 2953 608 3019 fieri
622 2958 748 3038 poterat
763 2949 896 3036 aperuit.
931 2949 1000 3028 Quo
1016 2948 1145 3030 quidem
1160 2951 1270 3017 libello

115 3077 191 3124 cum
203 3055 257 3121 uia
272 3061 519 3122 commonstrata
540 3057 591 3140 sit,
615 3074 680 3137 qua
700 3053 900 3139 potissimum
921 3051 1064 3136 profecta
1085 3049 1128 3115 ad
1151 3058 1270 3119 certum

116 3157 276 3240 quendam
299 3156 396 3224 finem
417 3177 470 3224 ars
492 3158 603 3224 critica
626 3155 847 3223 difficillimam
866 3154 948 3250 hano
965 3153 1182 3236 quaestionem
1200 3173 1269 3238 per-

114 3259 235 3327 ducere
256 3258 374 3344 possit:
397 3257 579 3342 uideamus,
607 3257 684 3340 quid
705 3256 943 3325 nouissimis
965 3255 1215 3338 temporibus
1236 3255 1269 3338 ii,

115 3361 173 3443 qui
186 3360 219 3426 in
234 3362 349 3428 Plauto
365 3358 565 3428 emendando
581 3380 713 3446 operam
729 3360 993 3437 conlocauernnt,.
1006 3354 1067 3440 hac
1086 3353 1119 3419 in
1141 3375 1176 3421 re
1191 3375 1269 3440 pro·
1298 3441 1310 3451 ἱ

114 3463 257 3530 fecerint.

201 3565 250 3630 Ae
272 3563 367 3630 latius
394 3561 524 3644 quidem
552 3563 633 3630 illud
661 3582 785 3647 genus‚‚
809 3558 895 3643 quod
924 3561 1049 3644 spectat
1075 3556 1119 3624 ad
1146 3557 1267 3624 fabula

112 3685 185 3732 rum
207 3664 373 3733 consilium
396 3684 435 3730 ac
457 3664 708 3748 dispositionem,
735 3663 823 3730 haud
845 3659 1048 3729 mediocriter
1071 3662 1198 3726 auctum
1220 3663 1268 3723 est
1352 3657 1355 3672 '

204 3817 227 3878 l)
243 3813 405 3870 Addendum
428 3813 499 3869 Mus.
517 3813 605 3870 Rhen.
623 3820 643 3868 t.
660 3812 753 3868 XXXI
770 3817 804 3879 (a.
822 3816 898 3880 1876)
914 3828 941 3882 p.
959 3813 1103 3866 oet-637.
1137 3806 1182 3860 Ad
1203 3819 1267 3860 ern·

111 3898 175 3953 dem
192 3913 250 3953 rem
267 3899 405 3968 pertinent
425 3898 544 3954 eiusdem
564 3896 651 3967 praef.
669 3897 778 3967 Epidici
795 3903 830 3965 (a.
849 3901 925 3962 1878)
942 3912 969 3966 p.
986 3893 1100 3961 XXIsq.
1119 3895 1147 3944 et
1164 3889 1267 3946 Curcu-

111 3984 193 4040 lionis
205 3987 240 4049 (a.
252 3987 327 4050 1879)
339 4000 365 4054 p.
375 3983 441 4037 XXI
447 3999 514 4053 squ,
527 3987 669 4052 praeterea
681 3980 955 4048 commentatiuncula
966 3985 1039 4034 torno
1049 3975 1165 4031 XXXIV
1178 3975 1267 4032 Musei

110 4068 165 4122 Rh.
182 4067 286 4124 inserta
303 4085 329 4138 p.
348 4072 493 4124 603-608.
658 4087 661 4094 ·
