3092 4756
346 331 389 385 De
406 329 573 385 Bacchidum
590 331 732 386 Plautinae
749 334 944 388 retractatione
962 333 1096 389 scaenica.
1233 335 1293 396 153

131 504 170 570 in
186 501 353 588 superiore
368 501 574 568 adnotatione
589 501 718 587 longum
733 509 804 569 erat
815 502 848 587 ¹).
884 502 1043 584 Equidem
1065 508 1165 572 totum
1187 506 1293 572 locum

134 604 336 670 tetrametris
352 604 533 686 bacchiaois
551 603 764 687 conscriptum
786 623 858 671 esse
879 606 1155 689 persuasissimum
1177 607 1291 675 habeo.

134 704 354 772 Bacchiooum
383 705 467 771 enim
496 705 680 789 rhythmum
707 704 877 772 uerhomm
909 724 1006 770 sonus
1035 707 1292 776 manifestissime

136 805 263 891 prodit:
290 806 447 872 eiusmodi
468 812 576 872 antem
599 806 764 892 exempla,
788 806 896 890 qualia
917 805 993 873 olim
1016 809 1292 875 conformauerunt

138 904 381 975 Studemundus
403 913 436 973 et
457 906 652 991 Seyffertus,
680 927 781 992 nuper
803 907 989 992 Ussingins,
1019 928 1060 974 ex
1083 905 1292 976 diuersissimi

137 1009 267 1092 generis
290 1007 399 1075 metris
421 1007 540 1092 mixto,
568 1009 758 1094 praesertim
779 1008 813 1074 in
834 1008 963 1094 dialogo
985 1009 1073 1077 nullo
1097 1009 1191 1076 modo
1220 1031 1291 1096 pro·

138 1109 210 1176 bari
231 1115 381 1196 possunt,
409 1108 472 1174 nisi
494 1109 545 1175 cui
572 1109 685 1191 religio
715 1111 756 1175 sit
786 1131 849 1176 non
877 1110 1092 1196 pulcherrima
1112 1111 1292 1202 Plautoque

138 1210 331 1294 dignissima
347 1210 473 1292 ducere,
497 1231 580 1294 quae
595 1231 668 1277 eum
683 1211 849 1296 scripsisse
865 1212 1064 1278 conclament
1079 1211 1211 1278 librarii.
1241 1215 1292 1281 De

138 1312 202 1378 hoo
217 1331 282 1378 uno
298 1307 440 1376 dubitari
457 1317 593 1396 poterat,
615 1332 690 1378 num
712 1310 807 1396 primi
828 1331 963 1378 scaenae
984 1333 1095 1380 uersus
1117 1315 1163 1379 ite
1185 1313 1289 1400 dispo-

136 1411 237 1479 nendi
253 1417 369 1495 essent,
391 1416 426 1478 ut
441 1410 566 1478 duobus
580 1412 774 1480 tetrametris
789 1412 901 1479 bacch.
917 1413 1051 1495 singulis
1073 1414 1292 1483 subicerentur

137 1514 304 1581 clausulae
322 1511 494 1580 iambicos:
517 1532 622 1594 neque
644 1519 752 1580 tamen
773 1513 931 1597 recipiunt
951 1514 1070 1581 tradita
1090 1516 1192 1583 uerba
1212 1519 1291 1584 iam·

137 1615 246 1682 hicum
260 1614 469 1699 numemm2).
502 1614 625 1697 Itaque,
648 1634 727 1680 cum
733 1614 929 1680 hexametris
946 1614 1124 1682 bacchiacis
1140 1622 1195 1681 out
1213 1638 1290 1682 nun-

138 1734 237 1798 quam
258 1722 314 1782 aut
334 1715 495 1782 rarissime
516 1715 665 1782 Plautum
687 1735 779 1782 usum
803 1735 874 1782 esse
895 1734 971 1783 uere
993 1716 1182 1784 obsemasse
1202 1716 1290 1783 uide-

136 1822 248 1883 rentur
262 1816 441 1899 Seyffertus
463 1817 505 1884 de
526 1816 637 1883 bacch.
653 1836 735 1883 uers.
750 1835 797 1904 us.
812 1816 917 1883 Plaut.
933 1837 964 1901 p.
981 1821 1106 1882 34-36
1129 1822 1161 1884 et
1176 1817 1291 1886 Stude-

136 1915 276 1984 mundus
295 1917 337 1984 de
352 1924 433 1984 cant.
450 1918 554 1984 Plaut.
569 1938 600 2002 p.
617 1922 668 2002 34,
690 1919 873 1986 Hermanno
898 1918 979 1987 duce
1002 1924 1067 1986 tres
1088 1925 1290 1988 tetrametros

136 2039 235 2102 qnam
258 2034 331 2085 cum
352 2019 527 2087 Ritsehclio
549 2019 823 2103 Fleckeisenoque
846 2017 926 2086 duos
948 2020 1152 2089 hexametros
1175 2023 1290 2090 consti-

136 2124 228 2187 tuere
243 2119 352 2187 malui.
386 2120 514 2206 Optime
529 2127 637 2187 autem
651 2121 685 2186 in
700 2126 835 2202 utraque
849 2120 1033 2187 repensione
1049 2121 1291 2189 hacchiacorum

135 2222 237 2289 series
258 2221 293 2287 in
314 2222 487 2289 iambicam
513 2221 630 2288 desinit
658 2221 852 2304 clausulam,
881 2220 996 2304 quibus
1023 2220 1056 2286 in
1084 2220 1163 2288 locis
1192 2222 1289 2288 hera

136 2329 256 2391 metros
271 2324 383 2390 bacch.
406 2324 520 2391 iterum
534 2323 729 2392 Ritschelius
752 2329 784 2390 et
798 2320 1026 2390 Fleckeisenus
1048 2318 1290 2404 discripserunt:

136 2444 346 2507 quamquam,
372 2430 467 2509 prout
488 2445 507 2492 e
528 2423 672 2490 4144οΙ
694 2425 896 2492 Hermannus
918 2422 1149 2509 supplementis
1171 2421 1290 2490 additis
1328 2417 1334 2434 ⁸

135 2531 356 2594 tetrametrum
379 2525 501 2609 effecit,
528 2526 576 2593 ita
596 2546 661 2594 non
682 2527 791 2610 magni
813 2532 882 2593 erat
904 2526 1009 2610 operis
1034 2525 1067 2591 in
1095 2545 1158 2592 rec.
1180 2524 1207 2590 B
1236 2524 1290 2592 uel

136 2627 198 2695 hoc
220 2629 370 2712 exemplo
392 2633 594 2695 tetrametros
618 2628 818 2695 continuare:

299 2759 405 2814 Stultae
424 2757 532 2815 ecastor
549 2757 631 2829 itque
648 2760 704 2813 hau
721 2757 808 2812 malae
826 2759 885 2812 esse
902 2757 971 2811 haec
989 2756 1126 2811 uidentur.

136 2881 206 2960 Quo
230 2878 359 2961 quidem
380 2879 414 2944 in
435 2880 609 2962 uersiculo,
639 2879 693 2960 qui
722 2885 770 2944 est
797 2881 876 2942 1139
884 2876 905 2961 Ι,
936 2875 1091 2959 quidquid
1119 2876 1160 2942 de
1188 2882 1288 2942 metro

136 2981 271 3064 statuis,
293 2980 482 3047 temeritatis
504 2982 622 3048 crimen
644 2980 699 3046 nix
721 2979 864 3062 effugies,
888 2977 915 3045 si
936 2976 1184 3045 omittere‘uelis
1206 2977 1293 3039 haud

135 3082 233 3166 illud,
258 3081 344 3166 qnod
367 3082 402 3146 in
423 3082 538 3149 Vetere
561 3082 700 3148 Hinchio
723 3089 852 3148 auctore
874 3099 988 3146 manus
1010 3077 1124 3146 eadem
1147 3078 1289 3146 addidit:

136 3203 220 3266 quae
237 3185 353 3249 uocula
375 3189 410 3249 nt
432 3182 605 3249 retineatur
627 3182 762 3250 suadere
784 3181 910 3251 uidetur
932 3202 1003 3248 cum
1025 3200 1101 3247 usus
1124 3182 1290 3247 Plautinus

224 3387 249 3447 l)
273 3381 303 3436 Si
326 3383 386 3450 quis
409 3381 506 3436 harum
528 3397 618 3437 rerum
640 3383 741 3438 habeat
763 3399 856 3448 usum,
879 3382 939 3450 ipse
960 3378 1088 3446 inspiciat
1111 3376 1290 3434 Studemundi

133 3466 257 3521 libellum
275 3465 309 3520 de
327 3467 424 3521 cantic.
444 3466 486 3520 Pl.
502 3483 529 3535 p.
548 3472 589 3522 85.
609 3472 650 3521 34.
668 3472 710 3520 44.
730 3471 771 3521 28.
788 3469 829 3520 33.
846 3470 885 3519 50.
902 3470 944 3531 45,
963 3462 1125 3532 Seyffertum
1141 3462 1176 3517 de
1193 3464 1289 3519 bacch.

133 3567 206 3606 cers.
225 3559 279 3605 usu
296 3549 337 3605 ΡΙ.
355 3567 383 3619 p.
402 3555 443 3605 32.
462 3555 505 3605 36.
523 3557 565 3604 45.
583 3555 625 3605 46.
643 3556 685 3606 25.
704 3555 752 3616 40,
778 3549 947 3618 Spengelium
965 3547 998 3603 de
1017 3553 1082 3603 oret.
1101 3563 1172 3603 cers.
1189 3565 1231 3602 ns.
1248 3549 1288 3601 Pl.

134 3652 160 3705 p.
174 3639 208 3690 23
218 3650 258 3703 sq.
277 3637 305 3689 et
323 3634 355 3688 Τ.
367 3634 404 3688 M.
417 3634 531 3690 Plautus
549 3652 577 3704 p.
592 3640 639 3704 119Ι
650 3652 698 3704 sq„
717 3635 786 3691 conl.
803 3635 845 3703 iis,
864 3649 934 3702 quae
945 3633 1092 3689 Muellerus
1109 3633 1139 3686 in
1155 3632 1232 3686 Pros.
1248 3631 1289 3684 ΡΙ.
1327 3639 1328 3644 ’

133 3736 159 3788 p.
171 3723 291 3775 205195
311 3723 338 3773 et
354 3718 425 3774 Add.
443 3737 470 3788 p.
486 3724 518 3775 23
537 3723 565 3775 et
583 3719 715 3775 Christius
733 3721 762 3774 in
778 3719 849 3774 libro
867 3718 901 3774 de
918 3718 1004 3774 doctr.
1022 3719 1126 3774 metrio.
1144 3733 1172 3784 p.
1187 3720 1237 3768 455
1247 3729 1287 3783 sq.

134 3803 354 3874 disputauerunt,
372 3803 492 3873 Ussingii
509 3803 625 3870 denique
644 3805 858 3859 commentarios.
1241 3793 1244 3799 ’

221 3894 247 3956 2)
265 3889 307 3944 cf.
320 3888 490 3958 Spengelium
502 3892 529 3943 et
541 3887 687 3954 christiam
698 3888 726 3940 ΙΙ.
738 3889 766 3942 ΙΙ.
780 3889 849 3943 conl.
862 3887 1010 3942 Schmidtio
1027 3885 1061 3940 de
1078 3898 1199 3953 pronom.
1218 3883 1287 3938 dem.

132 3976 212 4030 form.
230 3973 273 4028 Pl.
290 3991 317 4042 p.
331 3977 377 4042 253
396 3988 492 4042 parum
509 3970 655 4042 placebant
672 3986 742 4039 quae
759 3973 961 4027 Lindemannus
978 3967 1120 4039 proposuit
1137 3967 1207 4024 Non.
1226 3984 1288 4043 amr.

132 4066 151 4113 c.
170 4064 200 4113 rs
218 4062 342 4125 (arser)
359 4075 386 4127 p.
401 4063 458 4112 ras.
