3080 4748
258 335 296 396 74
657 333 833 392 anamotus
850 335 1022 392 Brachmanu

340 506 440 590 llam,
468 513 503 572 ut
529 525 568 573 ea
597 507 816 592 praemittam,
844 525 927 589 quae
955 525 1026 572 cnm
1054 507 1146 588 quasi
1175 505 1208 572 in
1236 507 1406 591 propatulo

254 609 359 696 posita
373 605 436 674 sint
454 608 507 674 uel
529 609 730 693 paucissimis
753 609 879 708 absolui
898 616 1045 693 possunt:
1068 608 1191 675 exitus
1213 608 1407 693 suppositi

254 733 284 779 ιι.
301 717 341 776 40
354 708 455 795 sqq.¹)
477 729 635 794 quaenam
657 711 721 778 sint
742 709 886 777 conuicia
907 731 946 776 ae
970 707 1158 793 maledicta,
1186 709 1302 791 quibus
1332 710 1406 777 leno

254 833 290 881 se
303 818 428 898 purget,
450 810 538 878 baud
552 812 648 879 facile
670 811 841 896 explanes3
863 811 1030 893 nusquam·
1043 811 1125 877 enim
1148 811 1182 876 in
1203 814 1272 878 tota
1294 810 1407 879 fabula

254 916 375 1001 Lycum
390 915 518 982 inuenio
533 913 684 980 Hannoni
703 911 957 980 maledicentem.
993 912 1237 998 Apertissimum
1252 919 1302 979 est
1324 911 1408 980 baec

252 1017 329 1085 inde
351 1039 371 1085 a
393 1017 498 1084 uerbis
521 1014 608 1097 Epo,
631 1014 737 1078 Poene
761 1013 988 1081 Antamoenidi
1015 1013 1185 1082 tribuenda
1214 1033 1301 1090 esse,
1331 1033 1407 1081 con-

253 1118 386 1187 serenda
407 1124 511 1183 autem
534 1121 607 1182 sunt
629 1136 701 1182 cum
724 1116 868 1183 uersibus
891 1115 963 1198 Vb,
980 1119 1017 1178 41
1031 1135 1079 1200 sq.
1102 1122 1135 1182 et
1156 1119 1196 1180 46
1208 1133 1265 1199 sq„
1288 1115 1406 1199 quibus

253 1217 469 1303 respondent
492 1219 607 1299 Itaque
629 1237 693 1285 non
714 1239 735 1284 a
757 1239 786 1285 u.
810 1218 882 1301 Vb,
898 1221 955 1300 43,
986 1215 1074 1299 quod
1096 1217 1207 1284 statuit
1228 1218 1405 1302 Hesperus,

190 1317 195 1322 ’
253 1319 310 1388 sed
332 1319 407 1387 inde
430 1340 450 1386 a
473 1324 513 1386 36
536 1317 695 1405 duplicem
717 1319 872 1386 habemus
895 1319 1119 1387 recensionem.

337 1421 451 1488 Eidem
467 1421 562 1489 militi
576 1426 743 1506 praeterea
758 1442 787 1487 u.
806 1424 845 1486 39
861 1420 1080 1504 adsignandus
1096 1421 1231 1505 uidetur,
1255 1421 1310 1502 qui
1324 1421 1404 1488 satis

230 1525 377 1610 ‘ineptus
406 1529 455 1591 est
483 1523 525 1590 ab
548 1523 757 1605 Agorastocle
785 1523 1015 1608 pronuntiatus.
1060 1523 1165 1590 Simili
1192 1523 1278 1589 enim
1306 1521 1404 1591 modo

251 1633 348 1709 atque
363 1625 549 1710 ingenuino
565 1625 651 1692 exitu
667 1624 720 1690 hic
735 1642 872 1707 quoque,
894 1630 1064 1708 postquam
1087 1630 1119 1690 et
1137 1625 1250 1692 Hanno
1270 1630 1302 1692 et
1318 1626 1403 1709 Ago-

250 1731 404 1796 rastocles
426 1729 575 1795 lenonem
597 1724 829 1809 supplicantem
852 1725 980 1810 impune
1003 1725 1205 1808 dimiserunt,
1230 1728 1401 1794 Antamon-

251 1830 343 1898 nides
361 1828 556 1896 accusatoris
577 1832 687 1911 partes
707 1825 849 1908 suscipit,
872 1832 968 1908 atque
989 1828 1023 1892 id
1046 1826 1176 1910 quidem
1199 1828 1307 1894 statim
1330 1850 1401 1913 pro

122 1978 127 1988 .
250 1931 363 2013 litetur,
386 1949 427 1997 ne
449 1927 582 2012 effugiat
604 1928 726 2011 Lycus:
758 1926 823 1993 iam
845 1948 875 1994 u.
891 1932 931 1992 40
955 1928 1138 1997 recordatur
1160 1929 1324 1996 Hannonis
1347 1951 1401 1998 ue·

250 2033 335 2099 niam
350 2029 413 2097 sibi
427 2029 640 2113 expetendam
657 2047 737 2113 esse,
760 2047 823 2111 qua
844 2029 1016 2114 impetrata
1037 2031 1249 2098 accusationis
1271 2049 1401 2098 causam

249 2155 278 2200 u.
302 2137 342 2198 44
366 2132 499 2218 profert:
532 2133 577 2194 Tu
607 2130 708 2214 (quod
731 2131 839 2196 Poeno
862 2153 892 2201 u.
915 2139 955 2198 40
979 2131 1161 2219 opponitur)
1191 2143 1246 2194 oct
1268 2133 1400 2196 amioum

250 2235 328 2299 mili
347 2236 402 2298 des
415 2234 525 2319 facito
546 2245 602 2297 out
624 2235 697 2297 ouri
717 2233 794 2296 minz·
813 2234 930 2297 reddas
952 2237 1074 2298 minam.
1338 2310 1343 2316 Ι

334 2339 441 2418 Atque
462 2339 498 2401 ut
525 2334 730 2402 absoluomus
759 2335 844 2399 buno
873 2334 914 2400 de
943 2353 1149 2417 personarum
1179 2334 1401 2404 distributione

250 2438 368 2502 locum:
391 2456 421 2500 u.
438 2439 477 2498 27
502 2435 601 2501 uerba
621 2433 734 2496 Omitto
747 2455 847 2516 poooo
870 2435 1035 2502 Hannonis
1052 2455 1122 2503 esse
1138 2439 1190 2503 uel
1204 2421 1403 2520 insequentis

248 2557 360 2604 uersus
381 2534 594 2603 consideratio
616 2535 732 2602 docere
754 2541 888 2621 poterat.
933 2536 1017 2604 Nam
1038 2557 1080 2605 ue
1103 2539 1224 2606 obicias
1246 2540 1315 2607 deri
1336 2562 1403 2609 non

249 2658 360 2726 posse,
388 2644 424 2703 ut
447 2656 476 2703 u.
499 2640 539 2700 26
569 2657 640 2703 cum
668 2637 891 2720 subsequentis
920 2639 1073 2725 principio
1103 2640 1227 2708 iunctus
1252 2644 1403 2710 Hannoni

249 2741 414 2823 tribuatur,
436 2759 477 2807 ne
492 2736 552 2805 hoe
567 2741 637 2806 loco
653 2740 749 2823 plane
762 2738 849 2807 idem
868 2740 954 2808 dicat
976 2743 1062 2823 quod
1084 2744 1181 2828 paulo
1202 2751 1275 2827 post
1296 2766 1326 2811 u.
1344 2750 1402 2812 32:

249 2845 330 2909 baec
345 2841 519 2910 similitudo
535 2842 587 2908 uel
602 2843 708 2926 potius
728 2841 863 2909 iteratae
879 2844 1056 2912 sententiae
1071 2863 1197 2911 summa
1211 2845 1401 2932 aequalitas,

250 2945 406 3028 quidquid
422 2945 462 3012 do
477 2945 621 3027 personis
635 2943 794 3027 statuaris,
818 2949 883 3010 tam
898 2944 1035 3012 molesta
1057 2946 1243 3032 remanebit,
1266 2953 1301 3013 ut
1323 2948 1401 3030 quin

250 3045 438 3111 eximendus
457 3044 498 3110 sit
518 3065 536 3110 e
559 3049 736 3110 ceterorum
757 3045 911 3114 societate
934 3033 962 3113 u.
980 3050 1020 3112 26
1042 3067 1106 3114 non
1127 3049 1228 3132 possit
1250 3049 1400 3141 dubitari,

118 3177 127 3192 ·
250 3145 308 3212 Oui
323 3143 398 3211 uide
413 3165 453 3211 ne
467 3143 664 3231 adiungendi
684 3145 747 3213 siut
768 3167 798 3213 u.
819 3151 855 3211 15
868 3165 925 3232 sq.,
948 3148 1011 3233 ipsi
1033 3168 1159 3233 quoque
1182 3150 1261 3226 mire
1283 3151 1399 3237 impor-

248 3247 317 3313 tuni
338 3250 411 3333 post
433 3267 460 3314 u.
485 3241 626 3332 12-14,
654 3247 730 3314 licet
753 3249 971 3334 descriptura
999 3251 1193 3320 restituenda
1222 3254 1399 3334 quamlibet

248 3350 412 3432 excogites
434 3347 633 3416 sententiam.
688 3339 690 3346 ’

313 3447 420 3527 'Quos
443 3450 571 3534 quidem
594 3469 704 3518 uersus
726 3487 768 3496 -
790 3456 825 3519 ut
846 3453 911 3518 iam
933 3472 1090 3522 summam
1112 3454 1159 3521 rei
1184 3453 1334 3539 profitear
1356 3493 1397 3504 -

247 3550 313 3618 noli
336 3549 466 3617 credere
479 3572 529 3618 ‘ex
551 3553 616 3620 alio
637 3553 725 3622 fonte
746 3553 877 3622 fluxisse
900 3572 995 3636 quam
1017 3577 1059 3623 ex
1084 3556 1238 3623 iterata
1259 3557 1397 3626 subdi·

247 3651 337 3719 tieii
359 3650 477 3717 huius
500 3653 634 3718 exitus
656 3655 966 3723 retractatione.
1003 3651 1201 3725 Idem'euim
1224 3659 1306 3728 illud
1328 3679 1398 3728 uer-

246 3774 301 3821 sus
316 3757 334 3816 -7
348 3774 394 3839 sq.
419 3755 627 3837 comprobare
641 3754 800 3840 uidentur,
822 3758 876 3840 qui
892 3764 1001 3843 aperte
1017 3763 1163 3843 spectant
1177 3761 1220 3828 ad
1235 3782 1263 3828 u.
1281 3767 1319 3827 21
1332 3782 1397 3847 sq.;

246 3907 449 3919 ———

336 3992 358 4052 Ι)
375 3987 418 4044 Ne
434 3988 500 4058 quid
516 4005 600 4056 emes,
618 3987 750 4057 Vulgatae
767 4005 862 4047 moneo
880 4007 923 4047 me
940 3992 1096 4061 intellegere
1113 4007 1241 4050 uersuum
1260 4009 1395 4062 numeros,

246 4087 300 4127 non
317 4085 364 4128 eos
383 4087 451 4140 quon
469 4073 594 4143 appinxit
612 4073 764 4145 Geppertus
782 4074 845 4131 inde
862 4090 879 4131 a
896 4093 922 4131 ιι.
942 4081 971 4132 tt
990 4093 1045 4132 uno
1063 4077 1189 4135 minores.
