3080 4748
244 401 246 406 ,
326 339 368 393 De
385 338 552 394 Bacchidum
569 339 713 394 Plautinae
730 338 925 394 retractatione
943 339 1076 395 scaenica.
1233 337 1273 400 89

207 514 226 588 ξ
253 513 300 578 19.
338 512 388 576 De
405 511 473 577 eius
496 514 602 577 autem
623 509 759 593 generis,
784 508 870 591 quod
892 511 931 575 in
954 509 1128 592 singulis
1152 513 1272 599 conspi-

120 614 202 680 citur
223 612 346 696 locis,
369 611 476 678 indole
499 631 537 677 ac
558 611 688 679 notione
711 618 783 697 post
806 611 951 695 egregias
974 612 1034 678 Th.
1057 613 1197 698 Bergkii,
1220 615 1273 682 Fr.

120 714 304 797 Ritschelii‚
335 713 372 780 d.
397 713 521 780 Goetzii
544 733 636 780 curas
659 713 740 779 nihil
766 733 845 798 opus
875 717 923 778 est
951 712 1070 781 addere
1099 715 1161 783 nisi
1189 717 1275 799 quod

121 837 221 903 supra
235 814 414 899 attigimus:
438 815 621 899 bipertitam
638 835 708 882 θεεθ
724 815 943 899 exemplorum
959 815 1094 900 copiam.
1131 819 1275 886 Alterum

126 919 211 986 enim
233 937 332 1002 genus
361 917 538 984 continetur
567 916 746 1002 propriis
776 915 1076 1001 dittographiis
1103 919 1122 986 i.
1146 941 1173 986 e.
1197 921 1275 986 locis

124 1019 281 1106 gemellis,
303 1020 440 1085 alterum
462 1019 776 1099 additamentis,
805 1017 919 1100 quibus
942 1019 1152 1104 amplificatur
1174 1024 1275 1090 oratio
1308 1007 1310 1012 ¹

123 1124 170 1189 ita
193 1120 323 1204 quidem
345 1126 395 1204 ut,
426 1138 619 1204 quamquam
642 1141 661 1184 a
683 1123 798 1187 Plauto
824 1121 968 1204 profecta
998 1141 1068 1189 esse
1096 1122 1184 1189 credi
1213 1145 1277 1191 non

122 1230 266 1313 possunt,
289 1227 355 1288 tam
370 1222 497 1288 felicem
511 1222 715 1289 nihilominus
731 1223 899 1309 suboleant
914 1221 1052 1288 Plautini
1067 1223 1186 1310 ingenii
1207 1225 1277 1292 imi-

124 1327 291 1409 tationem,
316 1332 350 1390 ut
371 1324 457 1389 haud
480 1325 574 1391 facile
596 1324 736 1392 animum
759 1323 892 1390 inducas
915 1323 958 1389 ad
979 1325 1075 1392 uilem
1100 1347 1138 1393 ea
1160 1328 1278 1396 adscri-

82 1497 85 1502 .
126 1431 203 1496 bere
225 1426 505 1510 interpolationem
528 1425 663 1491 turham.

215 1531 361 1596 Ceterum
379 1548 440 1593 non
456 1527 625 1594 tacendum
649 1533 697 1592 est
719 1525 941 1594 difficillimam
965 1548 1062 1614 saepe
1085 1531 1159 1596 oriri
1182 1551 1277 1613 quae-

15 1633 16 1638 ’
126 1632 275 1714 stionem,
298 1636 401 1696 utrum
417 1629 599 1696 huiusmodi
614 1627 833 1694 additamenta
847 1649 961 1696 reuera
974 1631 1007 1696 in
1022 1631 1158 1697 iteratae
1180 1633 1278 1699 actio-

126 1735 179 1800 nis
195 1732 359 1798 scaenicae
375 1750 467 1798 usum
482 1730 600 1815 scripta
618 1730 796 1814 uideantur,
819 1750 859 1797 an
882 1733 963 1799 forte
985 1732 1061 1800 inde
1083 1754 1103 1800 a
1125 1733 1279 1817 principio

129 1835 187 1918 qui
203 1853 243 1900 ea
257 1831 441 1899 confinxerit
456 1831 666 1900 lectitantium
682 1831 845 1898 hominum
859 1832 996 1916 gratiam
1016 1842 1192 1919 aucupatus
1208 1855 1279 1902 esse

127 1937 237 2004 uerius
252 1939 379 2019 putetur
391 1935 424 2017 ¹).
464 1933 535 2014 Qua
549 1934 582 2000 in
597 1955 631 2001 re
646 1933 854 1999 memorabile
877 1955 954 2000 sane
975 1937 1057 2003 illud
1080 1937 1166 2020 quod
1188 1939 1280 2004 abest

127 2040 256 2106 illorum
271 2039 422 2120 locorum,
440 2056 519 2118 quos
535 2037 680 2122 respicio,
695 2057 770 2119 pars
785 2035 901 2103 alibro
917 2039 1070 2122 rescripto
1086 2039 1279 2124 Bobiensi2).

127 2141 299 2227 Resipiunt
314 2145 420 2205 autem
435 2138 521 2206 haud
537 2159 608 2205 raro
629 2157 758 2205 sensum
781 2136 823 2202 ad
839 2137 954 2205 Gracci
976 2140 1094 2222 ingenii
1116 2141 1278 2208 familiari·

129 2251 229 2311 tatem
251 2242 350 2326 paulo
372 2241 502 2326 propius
524 2260 595 2308 sese
618 2239 832 2335 applicantem
843 2240 868 2323 3)
893 2242 1110 2324 sermonisque
1132 2237 1280 2328 colorem,

130 2365 226 2429 quem
249 2345 476 2411 Terentianum
500 2344 606 2428 potius
630 2353 724 2424 quam
747 2343 929 2409 Plautinum
953 2363 1022 2410 θεεθ
1046 2344 1226 2430 existimee,
1249 2347 1282 2412 in

130 2448 272 2515 moribus
303 2446 503 2531 potissimum
536 2444 747 2530 depingendis
782 2446 953 2512 enitentem
984 2446 1214 2531 sententiisque
1243 2447 1284 2514 de

130 2552 220 2617 uitae
235 2549 359 2615 ratione
373 2548 417 2615 ad
431 2549 556 2614 uirtutis
572 2553 744 2632 praecepta
758 2547 953 2613 instituenda
973 2549 1069 2617 latius
1092 2569 1282 2633 prosequen-
1349 2607 1353 2613 .

133 2653 192 2717 dis.
229 2649 323 2732 Quod
337 2649 467 2731 quidem
482 2669 582 2735 genus
599 2669 670 2715 cum
684 2649 717 2713 in
734 2648 806 2714 aliis
822 2651 939 2716 fabulis
962 2657 1028 2717 tum
1051 2652 1083 2716 in
1099 2652 1284 2719 Trinummo

133 2775 196 2821 non
211 2753 395 2833 infrequens
410 2750 576 2817 Bitschelii
591 2750 763 2834 praecipue
779 2751 924 2816 acumine
940 2752 1100 2836 cognitum
1118 2753 1283 2819 habemus.
1304 2739 1308 2743 ¹

219 2855 325 2936 Atque
348 2875 388 2920 ex
403 2852 680 2919 Bacchidibus
703 2851 830 2933 quidem
856 2871 895 2916 ea
917 2853 1065 2936 exempla
1086 2853 1191 2936 priore
1213 2853 1284 2919 loco

136 2955 294 3024 conlocari
309 2976 369 3040 par
385 2961 443 3037 cst,
465 2954 581 3036 quibus
599 2952 834 3020 retractationis
856 2952 975 3020 indicia
996 2955 1101 3020 inesse
1122 2954 1186 3020 iam
1210 2959 1285 3021 ante

135 3080 191 3126 nos
215 3059 257 3124 ab
281 3057 352 3124 aliis
375 3056 633 3123 animaduersum
660 3062 718 3123 est.
764 3055 863 3134 Quem
886 3056 917 3121 in
940 3075 1105 3122 numerum
1136 3056 1285 3146 quoniam

31 3185 35 3192 ’
137 3180 246 3226 omnes
267 3161 333 3225 iere
354 3159 443 3225 locos
466 3157 581 3224 cadere
603 3157 714 3242 uideo,
747 3158 802 3240 qui
824 3158 866 3223 ad
889 3158 1024 3223 alterum
1046 3157 1126 3225 illud
1152 3159 1193 3224 de
1224 3179 1285 3240 quo
1318 3244 1322 3249 ⁵

136 3261 230 3329 modo
247 3260 366 3328 dictum
382 3265 430 3327 est
445 3278 545 3342 genus
567 3259 742 3345 pertinent:
766 3260 807 3326 ab
831 3258 880 3326 his
903 3259 1065 3344 capiamus
1088 3259 1286 3346 principium.

138 3413 233 3482 nuperi
245 3410 357 3467 editoris
370 3410 573 3465 lucubrationes
585 3425 661 3478 quas,
681 3414 835 3478 spectantes
847 3409 1016 3478 potissimum
1034 3407 1068 3464 ad
1086 3409 1196 3465 fabulae
1213 3412 1287 3480 prin-

140 3497 200 3567 cipii
216 3495 345 3564 reliquias
362 3495 595 3551 reconcinnandas
614 3494 715 3559 (Plauti
733 3511 811 3558 com,
829 3509 882 3548 rec.
902 3498 929 3547 et
946 3508 1034 3548 enarr.
1053 3495 1090 3550 lo.
1107 3496 1176 3551 Lud.
1189 3496 1290 3565 Ussing

139 3584 190 3638 uol.
208 3583 244 3648 Π,
261 3580 386 3636 Hauniae
408 3583 480 3646 1878,
500 3595 527 3648 p.
542 3583 697 3646 ast-377),
716 3595 771 3634 non
789 3579 847 3634 sine
864 3577 956 3632 fructu
974 3578 1124 3636 adhibebis.

225 3673 250 3733 1)
268 3664 308 3719 cf.
326 3665 468 3720 Ritschelii
485 3664 571 3733 praef.
590 3664 679 3720 Τι’ἱιι.2
697 3680 723 3732 p.
743 3663 842 3717 XXXI.

223 3756 249 3818 2)
268 3750 309 3812 cf,
329 3751 421 3805 (loeta
440 3748 473 3804 de
491 3750 598 3818 dittogr.
617 3767 644 3819 p.
664 3754 713 3805 270
731 3748 792 3804 adu.
827 3749 995 3819 Sperandum
1016 3750 1099 3818 igitur
1123 3753 1163 3802 est
1181 3745 1240 3800 fore
1257 3749 1288 3798 ut

141 3835 239 3890 certius
258 3834 359 3903 ahquid
375 3839 433 3889 tum
450 3839 571 3890 statuere
588 3836 682 3901 liceat,
708 3850 768 3888 cum
787 3834 846 3903 quis
869 3837 958 3889 omnia
982 3834 1103 3901 exempla
1125 3829 1292 3910 congesserit

140 3920 209 3974 illius
227 3920 412 3974 Palatinorum
435 3918 565 3974 librorum
582 3919 807 3987 Ambrosianique
828 3919 1017 3983 dissensionis,
1043 3931 1111 3984 quae
1136 3912 1289 3971 continetur

141 4003 251 4072 singulis
270 4003 429 4073 pluribusne
446 4003 571 4059 uersibus
590 4005 648 4060 siue
666 4005 771 4060 omissis
789 4004 847 4058 siue
865 4004 970 4059 additis.

14 4059 16 4110 l
226 4092 252 4154 3)
270 4086 310 4142 (lt.
328 4087 375 4144 Fr.
394 4087 534 4145 Schmidtii
553 4089 729 4157 Quaestiones
747 4089 780 4145 de
797 4089 838 4143 Pl.
856 4088 914 4143 Mil.
934 4081 1007 4140 (llor'.
1027 4101 1054 4154 p.
1074 4089 1123 4142 350
1134 4102 1172 4155 sq.
