3092 4756
263 295 324 359 138
656 293 832 350 Gudthurius
849 293 1020 350 Brachmanu

260 465 512 554 repraesentauit
526 465 729 548 Ritsohelius,
751 464 817 532 iam
832 463 874 532 ad
889 462 984 530 finem
999 483 1050 531 res
1065 465 1220 549 perducta
1239 473 1303 533 est:
1327 486 1411 550 quae

260 573 434 649 sequuntur
456 567 563 634 omnia
584 573 714 634 auctore
736 563 909 650 posteriore
932 563 1072 647 quodam
1093 572 1191 651 poeta
1213 567 1412 636 ruminantur

260 668 425 736 Plautinas
447 667 629 736 sententias.

345 771 449 838 Plana
471 777 503 837 et
525 775 637 856 aperta
659 788 709 836 res
732 775 796 848 est,
819 787 858 834 ac
879 785 920 832 ue
941 766 974 833 in
996 767 1136 835 secundo
1159 767 1288 849 quidem
1311 769 1408 836 uersi-

261 873 342 956 culo,
365 871 419 956 qui
441 879 473 939 et
493 871 667 939 insuauiter
689 867 835 954 producit
856 867 949 953 primi
971 869 1221 934 enuntiationem
1244 888 1361 953 neque,
1383 870 1410 936 si

261 974 302 1040 de
325 974 569 1059 transpositione
592 971 674 1038 sorte
697 970 833 1054 cogites,
856 989 915 1054 per
936 988 971 1035 se
994 969 1167 1036 consistere
1188 975 1304 1054 potest,
1328 969 1408 1037 iudi-

261 1075 344 1142 cium
360 1074 513 1143 haerebit.
545 1073 633 1154 Quos
648 1092 719 1138 oum
734 1072 766 1136 in
782 1071 865 1137 hano
886 1069 1026 1156 speciem
1048 1070 1269 1155 perscripserit
1284 1072 1408 1140 Veteris

261 1176 424 1242 librarius:

295 1321 355 1378 cRI
373 1321 442 1391 Quid
460 1337 502 1378 me
519 1321 569 1378 tibi
586 1321 620 1378 ad
638 1336 698 1377 csse
716 1336 784 1390 opus
803 1321 861 1376 est?
896 1310 957 1377 Nl&
977 1321 1045 1377 Volo
1064 1325 1095 1378 ut
1112 1320 1183 1390 quod
1198 1322 1297 1379 iubebo
1312 1322 1407 1380 iacias·

375 1459 412 1514 Vt
429 1458 501 1514 scias
518 1457 649 1544 quae‘hie
664 1419 753 1528 scipta
771 1457 849 1512 sieut.

260 1596 401 1664 habesne
429 1595 515 1678 quod
537 1597 640 1675 magis
662 1595 831 1663 conueniat
857 1595 911 1661 isti
939 1592 1194 1675 conformationi,
1225 1612 1321 1674 quam
1351 1616 1408 1679 pre

261 1696 386 1764 duobus
400 1698 602 1782 accipiendos
618 1716 687 1762 esse
705 1695 838 1777 integris
859 1693 1049 1778 septenariis
1061 1693 1094 1776 ¹),
1116 1693 1236 1778 pariter
1248 1694 1408 1763 nimirum

258 1797 483 1882 incipientibus
505 1817 525 1862 a
546 1797 654 1864 uerbis
686 1794 769 1875 Quid
788 1817 836 1858 me
859 1797 915 1859 tibi
936 1796 1043 1858 adessa
1072 1815 1149 1878 opas
1174 1794 1241 1859 eat?
1263 1820 1287 1861 ::
1312 1797 1408 1882 Volo;

259 1917 429 1982 equorum
445 1898 573 1980 quidem
590 1898 690 1964 altero
706 1898 738 1964 in
757 1897 859 1963 altera
880 1896 1064 1964 recensione
1085 1895 1209 1962 initium
1231 1896 1287 1962 fiat
1303 1899 1408 1966 totius

259 1998 498 2064 altercationis?
531 1997 639 2078 Quid?
662 1998 747 2082 quod
768 1999 827 2064 hac
849 1997 1090 2065 ratiocinatione
1110 1997 1305 2065 extrinsecus
1329 2020 1405 2082 quo·

259 2098 429 2166 dammodo
445 2101 546 2186 petita
562 2119 642 2183 quas
664 2100 824 2169 consecuti
847 2117 954 2165 sumus
975 2117 1124 2164 uersuum
1145 2099 1407 2185 consecrationes,

258 2200 387 2268 easdem
403 2203 456 2269 uel
471 2222 528 2271 suo
546 2203 672 2269 nomine
695 2193 826 2285 requirit
847 2201 947 2286 ipsius
968 2197 1131 2265 retractati
1154 2198 1337 2281 speciminis
1358 2201 1405 2267 in-

259 2303 359 2370 doles.
393 2302 484 2382 Quod
501 2325 563 2372 non
578 2303 719 2387 potuisse
738 2301 877 2370 exordiri
899 2323 919 2368 a
941 2322 970 2367 u.
988 2303 1006 2364 6
1031 2300 1195 2367 euidenter
1217 2302 1405 2386 comprobat

257 2409 381 2488 coquom
404 2405 519 2470 uocula
539 2402 646 2468 uerbis
667 2405 741 2465 colo
756 2407 788 2469 et
803 2404 875 2466 colo
898 2402 1040 2470 adiecta:
1063 2402 1152 2468 cuius
1174 2422 1213 2469 ea
1235 2408 1284 2468 est
1304 2403 1404 2487 notia,

256 2512 291 2572 ut
312 2503 515 2588 repetitae
538 2503 672 2570 alicuius
687 2505 740 2570 uel
755 2505 842 2570 uocis
861 2505 914 2570 uel
934 2502 1111 2572 sententiae
1133 2504 1183 2570 uis
1205 2502 1393 2587 efferaturl)

257 2607 413 2688 Ceterum,
437 2603 522 2686 quod
537 2603 570 2669 iu
585 2603 687 2688 primo
703 2623 796 2672 uersu
812 2607 898 2672 solus
913 2606 1012 2670 Vetus
1034 2606 1174 2671 seruauit
1196 2605 1280 2690 quod
1293 2605 1403 2668 iactabo

246 2707 358 2791 socios
387 2705 514 2791 (reliqui
537 2712 570 2772 et
591 2695 644 2772 Bo
658 2712 867 2792 reposuerunt
889 2707 1038 2774 iteratum
1066 2703 1182 2773 deinde
1210 2705 1330 2789 iubeo),
1360 2728 1404 2774 ne

255 2809 356 2894 repeti
379 2808 464 2876 idem
487 2827 582 2892 aegre
611 2809 697 2874 feras
726 2808 834 2875 statim
856 2829 885 2875 u.
909 2811 927 2872 6
957 2806 991 2869 id
1012 2807 1097 2890 quod
1114 2818 1146 2869 te
1167 2807 1257 2870 iubeo
1276 2807 1404 2891 sacius:

213 2983 224 2996 κ
254 2910 342 2997 prius
357 2910 438 2977 illud
460 2910 503 2976 ad
524 2913 662 2976 futurum
685 2909 817 2992 aliquod
838 2908 1022 2975 mandatum
1045 2914 1177 2993 spectat,
1201 2909 1286 2989 quod
1307 2928 1403 2978 seruo

254 3031 290 3076 se
311 3011 539 3093 imperaturum
562 3009 638 3075 dicit
659 3008 844 3090 Nieobulus,
867 3008 922 3075 ubi
943 3009 1066 3076 litteras
1087 3010 1271 3094 perlegerit3
1295 3015 1402 3093 poste·

254 3110 319 3176 rius
341 3113 543 3193 praesentem
565 3109 668 3194 poscit
689 3108 936 3194 oboedientiam,
958 3109 1080 3176 scilicet
1101 3117 1136 3176 ut
1157 3116 1286 3176 maneat
1301 3110 1401 3196 Chry-

253 3209 349 3278 salus.
386 3210 586 3292 Quamquam
604 3208 699 3276 etiam
716 3209 848 3290 cogitari
862 3217 968 3295 potest
989 3212 1181 3294 glossemate
1204 3231 1245 3276 ex
1266 3231 1402 3293 sequen-

254 3313 338 3378 tibus
361 3310 460 3379 inlato
483 3332 592 3379 uerum
615 3316 779 3377 extrusum
802 3331 881 3379 esse.
922 3302 1108 3397 Elegantior
1129 3332 1206 3379 sane
1228 3313 1402 3394 eloquendi

253 3412 391 3477 uarietas
414 3420 471 3495 est,
495 3414 661 3496 quaalter
682 3412 737 3482 ille
760 3418 889 3480 ornatur
906 3433 1027 3497 uersus,
1051 3433 1144 3497 quem
1160 3413 1355 3481 recensionis
1370 3419 1401 3483 A

224 3505 228 3510 ’
253 3509 426 3597 principem
443 3531 513 3580 esse
527 3515 695 3584 noluimus.
733 3515 822 3596 Quae
838 3513 967 3597 quidem
982 3514 1047 3581 iam
1069 3535 1133 3583 una
1155 3535 1226 3581 cum
1249 3519 1398 3582 retracta-

252 3613 329 3682 toris
343 3631 440 3697 opere
459 3612 491 3677 in
514 3623 685 3700 conspectu
706 3617 854 3702 ponenda
876 3623 996 3701 quanto
1020 3617 1147 3683 omnino
1167 3617 1208 3683 sit
1230 3616 1285 3684 illo
1308 3639 1399 3702 prae-

338 3853 362 3914 t)
380 3847 430 3905 Vel
443 3847 534 3916 potius
546 3845 771 3917 redintegrandis:
791 3865 844 3919 qua
856 3851 1025 3920 potissimum
1037 3849 1149 3917 ratione,
1164 3857 1226 3920 post
1237 3852 1399 3908 uidebimus.

250 3933 463 4070 submagna
479 3931 536 3986 Mn.
555 3931 628 3988 aler.
648 3935 696 3986 ars
717 3935 786 3989 conl.
807 3938 865 4000 ars,
884 3935 961 4005 capt.
975 3938 1033 3990 saa.
1045 3937 1103 3988 aas.
1119 3935 1245 4001 corrui,
1263 3936 1338 3991 utun
1357 3937 1399 3994 his
