3092 4756
333 349 377 402 De
393 348 560 404 Bacchidum
576 348 719 440 Plautinae
736 350 929 406 retractatione
946 352 1081 407 scaenica.
1223 350 1284 412 129

126 538 193 585 non
214 539 275 603 par
297 525 367 585 orat
387 519 420 584 in
451 519 587 586 eandem
614 521 763 603 copulam
792 540 864 610 cum
891 523 1109 589 retractatoris
1137 523 1282 592 uersibus

126 639 203 685 eum
226 619 379 686 conicere.
412 620 512 703 Atqui
534 641 622 688 more
643 641 702 688 suo
725 620 921 704 distinguere
943 630 1091 690 accurate
1112 630 1283 709 utrumque

125 739 230 804 geum
251 720 422 803 Ussingius
443 721 595 806 neglexit.
638 720 774 787 Omnino
793 723 1033 809 dittographiae
1054 724 1195 792 rationes
1218 745 1282 792 non

124 819 176 886 ita
198 821 357 904 occultae,
385 828 421 887 ut
442 821 571 907 opinor,
601 819 684 902 quae
706 826 938 890 lamentatoris
959 823 1066 891 adhuc
1087 826 1120 890 in
1141 812 1301 894 errorem

125 920 256 988 induxit
271 921 417 989 homines
433 921 555 1005 doctos,
576 943 618 988 ne
632 923 681 988 illi
697 923 827 1006 quidem
841 932 1027 1009 perspectas
1043 945 1114 993 esse
1136 935 1282 1012 apparet

214 1022 337 1106 Quodsi
351 1031 479 1108 praeter
493 1023 677 1108 interpolati
691 1044 803 1092 uersus
815 1029 875 1091 487
892 1027 1164 1110 importunitatem
1178 1029 1280 1095 omnis

127 1122 302 1190 difficultas
324 1125 511 1192 consisteret
524 1125 558 1190 in
572 1125 762 1207 repetitione
779 1127 948 1193 uerborum
971 1129 1048 1213 quid
1061 1139 1154 1212 opust
1166 1128 1280 1212 111111,

127 1223 278 1305 equidem
300 1224 344 1289 ad
365 1230 608 1293 retractatorem
630 1229 772 1311 profecto
801 1248 864 1294 non
885 1238 1099 1313 recurrerem,
1129 1229 1189 1296 sod
1216 1251 1279 1297 uno

125 1325 270 1393 remedio
286 1325 410 1392 fortiter
424 1327 558 1394 sublatis
569 1326 694 1394 mendis
706 1329 853 1395 omnibus
867 1336 1073 1413 persanatum
1088 1351 1159 1399 esse
1173 1332 1280 1399 locum

126 1445 308 1509 censerem,
338 1427 366 1493 si
387 1427 468 1498 nihil
491 1428 679 1495 retineretur
700 1429 764 1495 nisi
785 1450 865 1497 unus
888 1429 940 1496 hic
963 1450 1073 1498 uersus
1095 1453 1137 1499 ex
1158 1433 1280 1517 glosse-

125 1535 248 1596 matum
271 1529 365 1594 turba
386 1529 617 1612 expiscandus:

314 1677 380 1732 Plus
398 1677 535 1744 uidissem,
554 1679 577 1733 si
594 1680 713 1748 opperiri
730 1675 828 1733 uellem
845 1677 986 1747 paulisper
1003 1681 1102 1750 modo,

126 1815 180 1900 qui
203 1814 292 1882 haud
315 1815 423 1899 inepte
445 1815 554 1881 statim
576 1817 724 1900 excipere
745 1821 871 1900 poterat
900 1837 1026 1884 uersum
1049 1821 1121 1884 485.
1165 1817 1279 1899 Neque

124 1917 267 1985 insolens
290 1923 376 1983 esset
398 1918 580 2002 exemplum
602 1916 696 1982 trium
722 1935 871 1983 uersuum
897 1938 938 1984 ex
967 1918 1065 1985 uariis
1091 1920 1278 2004 interpreta-

125 2021 242 2086 mentis
256 2019 300 2085 ad
315 2018 541 2102 explicandum
555 2039 652 2084 unum
674 2017 847 2100 genuinum
869 2019 986 2084 sensim
1009 2021 1144 2088 conlatis
1166 2041 1186 2088 a
1209 2021 1276 2087 dia-

125 2126 273 2186 sceuasta
296 2119 594 2187 confabrioetorum.

210 2275 240 2352 ξ.
265 2275 315 2336 35.
359 2269 444 2349 Quid
466 2271 566 2336 uero?
596 2290 678 2353 quae
699 2273 808 2337 1477
832 2276 865 2337 et
887 2289 968 2353 quae
990 2291 1020 2335 u.
1044 2274 1105 2333 479
1127 2231 1276 2350 leguntur

126 2373 235 2458 qualia
250 2391 322 2438 esse
338 2371 562 2438 existimabis?
595 2371 658 2451 Qui
680 2392 744 2437 una
767 2377 929 2453 tamquam
950 2391 1030 2438 uoco
1051 2370 1185 2438 eandem
1208 2391 1277 2438 sen-

125 2474 259 2541 tentiam
273 2472 477 2556 pronuntiare
493 2472 650 2549 uidentur.
687 2473 725 2538 V.
741 2476 803 2538 480
825 2479 931 2540 autem
954 2471 1044 2534 labra
1059 2494 1079 2534 c
1094 2472 1192 2535 lobiis
1206 2493 1278 2536 111-

125 2595 218 2659 quam
234 2573 366 2656 anferre
380 2593 455 2640 num
470 2573 558 2640 aliud
574 2582 632 2657 est,
654 2593 751 2655 quam
766 2573 913 2657 osculari,
937 2572 1023 2658 quod
1038 2574 1133 2640 estin
1149 2596 1178 2641 1.
1192 2575 1277 2640 4781

125 2696 208 2759 quae
231 2680 359 2742 exstant
380 2696 410 2742 1.
434 2678 513 2757 482,
537 2675 728 2758 quamius,
757 2692 838 2755 quae
860 2673 1059 2740 continentur
1082 2693 1191 2741 uersus
1216 2677 1277 2740 480

124 2775 366 2861 prioreparte?
411 2774 501 2853 Quae
529 2776 636 2841 omnia
664 2775 692 2840 si
722 2773 966 2856 deliberaueris,
996 2773 1091 2840 facile
1121 2773 1276 2840 concedes

112 2868 203 2943 'nihil
220 2876 336 2942 certius
352 2895 432 2959 esse,
457 2894 553 2957 quam
567 2897 631 2942 non
651 2875 833 2942 cohaesisse
854 2873 1029 2956 antiquitus
1053 2873 1111 2940 has
1133 2872 1275 2942 eiusdem

125 2977 305 3062 argumenti
327 2977 470 3061 geminas
493 2971 643 3060 partes:'

637 3159 713 3214 Rec.
731 3160 764 3213 A.

125 3277 214 3360 pun:
233 3259 310 3332 ltane
328 3280 436 3346 oportet
451 3275 510 3330 rem
527 3277 681 3331 mandatam
697 3273 791 3345 gtrere
809 3275 889 3331 amici
906 3275 1008 3338 stdulo,
1226 3281 1276 3330 477

124 3361 160 3416 Ut
177 3362 254 3431 ipsus
271 3363 301 3416 in
318 3361 418 3430 gremio
437 3359 624 3416 adsculantem
642 3362 780 3416 mulierem
797 3357 887 3414 tenerit
905 3358 1020 3412 sedens?

13 3487 14 3520 4
124 3444 195 3500 Nstm
213 3446 267 3500 alia
285 3443 442 3511 1111111111,
462 3459 531 3514 quae
548 3444 623 3499 illum
640 3444 730 3500 ftcere
748 3445 813 3509 uidi,
832 3442 965 3516 dispudet,
1226 3450 1275 3502 481

13 3521 14 3536 ³
125 3529 211 3597 Quom
229 3542 338 3584 monum
356 3529 407 3583 sub
425 3528 589 3584 uestimenta
604 3529 638 3584 ad
657 3531 754 3597 corpus
772 3528 862 3582 tetulit
879 3524 1011 3580 Bacchidi
1035 3519 1043 3530 '

13 3667 14 3698 ;
125 3612 169 3668 Me
187 3618 339 3683 praesente,
358 3611 446 3682 utque
464 3613 564 3681 pudere
583 3612 736 3682 quicquam.
764 3612 827 3682 quid
845 3609 937 3666 uerbis
956 3611 1056 3681 opust?
1071 3651 1074 3654 .

124 3819 267 3884 praeterea
290 3815 355 3869 licet
377 3831 441 3869 num
462 3815 577 3871 Plautus
599 3815 773 3886 inspectandi
792 3817 879 3870 motor
902 3815 983 3886 copta
1005 3813 1102 3868 dixerit
1121 3826 1171 3880 pro
1194 3813 1276 3883 copia
1393 3849 1399 3862 .

124 3899 228 3954 diutius
240 3899 414 3970 inspectandi
417 3919 423 3969 3
442 3898 558 3955 facultas
575 3899 767 3958 enimuidendi
781 3899 882 3966 aderat,
900 3914 987 3968 neque
998 3897 1045 3951 illa
1056 3897 1117 3964 ipsa
1130 3899 1177 3949 aut
1189 3895 1277 3953 maior
1299 3937 1302 3942 ·

123 3987 172 4037 aut
188 3984 278 4038 minor
294 3983 405 4054 proprie
423 3983 474 4040 dici
493 3989 613 4054 poterat,
633 3999 695 4038 cum
712 3988 818 4054 tempus
828 3982 942 4051 ,longius
960 3980 1105 4039 breuiusue
1122 3978 1276 4049 significau-

124 4066 188 4122 dum
206 4071 288 4123 esset.
368 4097 372 4103 ·
849 4122 858 4137 ,

173 4161 291 4212 Leipziger
305 4161 405 4205 Studien.
423 4161 462 4204 111.
476 4193 477 4198 ,
1057 4153 1072 4202 9
